1670 2881
363 162 808 196 INSTITVT.
892 161 1170 198 BOTAN.
1391 161 1508 206 21ι

106 272 429 341 Ringentium
458 269 694 340 exemplo
716 269 861 325 facile
881 273 1156 341 patescunt,
1183 270 1245 325 fic
1269 274 1321 327 hi
1349 275 1437 329 has

107 368 172 402 cx
201 346 815 415 verticillis.verticillatas‚
844 367 908 401 ex
930 348 1129 419 speciali
1150 351 1434 405 floris·facie

105 428 412 497 personataS,
453 437 537 477 aut
560 425 772 495 galeatas
800 426 999 493 dixere,
1021 439 1145 479 ,tum
1166 447 1230 480 ex
1254 429 1431 495 modO,

107 520 210 576 quo
253 504 439 555 semina
488 502 674 556 inclusa
715 503 909 574 plantae
949 517 1181 573 gererent
1222 524 1434 574 gymno-

106 583 298 651 sperma
331 593 381 632 ct
414 581 755 650 angiofpe'rma
789 580 905 647 alii,
967 582 1092 634 dum
1131 600 1195 634 ex
1237 582 1432 636 divcrfis

105 659 237 710 notis
260 657 619 728 procederent,
659 659 744 711 [ed
767 658 1004 728 abruptae
1036 659 1130 712 hae
1166 663 1273 713 viae
1286 660 1433 713 ‘derc-

103 733 249 787 liciae
280 737 417 803 sunt,
479 735 622 788 latius
654 748 825 804 patens
857 751 907 788 et
938 755 1096 809 aeque
1129 734 1285 790 facilis
1307 780 1323 805 ,
1381 752 1431 789 et

107 812 365 882 explanata
397 814 582 866 servata
613 817 819 864 nomine
852 816 1203 883 Ringentium,
1244 828 1295 867 et
1322 813 1433 867 bne-

105 894 268 943 viorcs
291 887 590 944 secffionibus
613 889 862 942 adhibitae
886 891 997 944 sunt
1033 896 1217 961 pariter
1237 905 1432 948 natura.-

104 967 262 1034 libus,
301 980 352 1019 et
378 967 495 1019 ideo
516 969 627 1019 sane
649 965 962 1021 certioribus.
1358 1034 1363 1039 .

217 1031 501 1097 Affi11itcftes
523 1042 609 1096 etsi
631 1042 875 1115 simplices
898 1063 1001 1097 non
1024 1045 1139 1114 fint,
1180 1061 1231 1100 et
1253 1047 1347 1100 hae
1369 1066 1433 1100 ex

100 1126 246 1174 -omni
268 1134 408 1192 parte
429 1122 765 1188 intercedant,
805 1135 861 1174 ut
894 1142 956 1175 ex
991 1123 1430 1185 diverfisassumus

106 1203 239 1253 notis
266 1200 329 1252 ad
349 1199 558 1252 diversas
579 1198 958 1268 possittranfiri,
979 1214 1149 1253 tamen
1168 1203 1429 1274 hucusque

98 1295 212 1329 -non
247 1274 511 1329 ,turbavere
551 1275 678 1329 bene
728 1275 917 1330 multos
957 1278 1204 1331 naturales
1227 1321 1241 1345 ,
1300 1297 1428 1350 quos

107 1371 285 1406 omncs
309 1355 583 1422 agnoscunt
604 1354 828 1406 ordines:
871 1373 974 1407 non
1005 1373 1101 1425 ego
1123 1369 1209 1409 aut
1229 1358 1430 1408 Grami-

108 1449 258 1498 num,
298 1442 382 1484 aut
404 1429 807 1484 Umbellatarum
838 1445 923 1484 aut
955 1435 1305 1502 Ringentium,
1344 1445 1429 1486 aut

101 1506 520 1577 :Compofitarum
569 1521 654 1561 aut
692 1508 1146 1578 Papilionacearum
1195 1512 1428 1564 constitui

101 1586 334 1654 classem,
386 1598 472 1639 aut
511 1586 721 1639 demum
758 1585 858 1639 feci
900 1586 1286 1660 Siliquosarum,
1334 1588 1428 1641 hac

109 1666 240 1734 ipsae
270 1664 441 1736 (quod
472 1668 748 1735 genuinum
778 1680 931 1732 purae
974 1680 1176 1718 naturae
1196 1667 1429 1735 ¹‘testimo-

100 1745 254 1794 nium
285 1742 386 1807 est)
416 1743 464 1794 se
495 1743 620 1812 ipsas
651 1745 717 1793 ita
749 1740 983 1795 omnibus
1013 1743 1322 1812 patefecere,
1372 1756 1429 1794 ut

111 1820 268 1873 hodie
289 1818 450 1871 nullus
471 1818 553 1886 fit,
584 1822 671 1891 qui
691 1836 770 1871 cas
791 1823 943 1872 etiam
965 1820 1140 1874 nolens
1161 1823 1430 1890 agnoscere

111 1915 215 1950 non
246 1909 485 1966 cogatur,
543 1895 660 1949 licet
689 1896 900 1949 artificio
931 1901 1139 1968 proprio
1169 1899 1429 1951 inhaerens

111 1993 193 2028 eas
223 1976 492 2045 praeterire
524 1973 717 2028 debeat.
806 1975 1039 2027 Secundo
1069 1976 1205 2029 haud
1245 1980 1433 2028 mirum

111 2053 269 2106 videri
289 2051 451 2123 posse,
490 2070 553 2105 ne
576 2051 719 2122 ipsius
741 2051 947 2123 quidem
967 2051 1164 2106 habitus
1187 2051 1320 2106 recte
1341 2071 1433 2105 no-

97 2142 193 2183 -tos
215 2129 424 2197 limites,
463 2149 555 2182 nec
578 2134 920 2199 potentiorem
945 2134 994 2181 in
1025 2149 1088 2183 eo
1110 2132 1326 2198 gradum
1346 2131 1432 2189 dc-

97 2208 315 2261 -finitum
346 2206 467 2274 effe,
506 2208 632 2260 dum
664 2209 941 2274 continuis,
981 2209 1055 2275 se,
1088 2208 1238 2275 aliea,
1277 2210 1431 2279 ipsam

103 2288 266 2338 etiam
296 2298 525 2338 naturam
546 2285 766 2337 artificiis
789 2287 1151 2342 circumvenire
1175 2285 1432 2339 adlabora-

114 2375 225 2414 rent
243 2361 492 2431 botanici,
522 2362 661 2426 nullo
685 2362 845 2414 modo
868 2362 1098 2416 habitum
1119 2363 1431 2429 illustrarent,

98 2442 321 2492 -minime
342 2458 462 2494 vero
483 2441 601 2494 ideo
621 2438 852 2492 habitum
866 2483 880 2507 ,
904 2454 958 2493 ut
982 2443 1050 2493 est
1071 2445 1121 2493 in
1144 2443 1430 2493 confluente

102 2530 290 2570 'natura
320 2519 461 2588 saepe
492 2519 807 2584 indefinitus,
856 2518 1222 2583 difficiliorem,
1263 2518 1433 2585 dcspc7

115 2597 451 2666 ratiorcmque
474 2595 576 2650 aliis
599 2593 935 2648 artificialibus
967 2593 1304 2664 systematibus
1329 2613 1432 2646 mc-

114 2681 117 2683 ’
748 2676 785 2723 Β
826 2689 852 2739 3
1215 2671 1429 2723 thodum
