1670 2881
240 149 315 202 60
474 162 1322 208 PRIMABLINEAE

241 271 612 326 dilacerandum
634 273 965 342 pronunciare
983 270 1145 325 valet?-
1172 275 1333 326 etiam
1354 273 1417 326 ad
1431 273 1558 328 haee

241 349 529 421 responderi
559 367 660 401 non
679 349 855 418 potest.

354 429 437 480 An
459 430 493 478 ii
512 425 643 479 sorte
678 424 986 479 characteres
1014 425 1260 479 observati
1278 431 1328 480 in
1352 430 1397 479 T
1393 427 1559 496 riphyl-

242 504 350 556 loz'de
379 507 460 555 Po
480 523 512 554 N
534 522 832 554 TEDERAE
855 545 869 570 ,
907 506 959 555 in
992 503 1272 573 Trffoliafi‘m
1300 509 1393 556 M1
1412 526 1438 556 c
1457 525 1560 556 HE·-

247 601 297 634 L1
310 600 341 631 ο
363 623 377 647 ,
417 583 466 631 in
488 581 709 651 Lupnlino
730 583 771 631 R
788 601 805 631 1
825 601 858 632 v
877 601 895 631 1
911 601 946 632 N
965 599 996 630 o
1013 622 1027 647 ,
1066 585 1119 632 111
1143 582 1343 632 Meliloto
1362 587 1559 633 Toun-

246 676 546 712 NEFORTI
569 676 603 707 o
625 661 740 724 ,in
786 658 1055 725 Lupinastro
1103 662 1416 710 BAUHmo
1442 701 1456 725 ,
1496 659 1560 711 ad

242 752 423 804 genera
457 735 800 788 constituenda
830 752 942 789 vnon
972 735 1255 789 sufficerent
1286 748 1337 787 et
1367 737 1560 788 suffice-

242 824 352 864 rent
374 815 423 863 in
446 813 541 865 suis
567 811 862 880 generibus?
904 825 1123 865 attamen
1151 811 1260 865 solo
1290 811 1452 865 hocce
1476 813 1561 864 ad-

241 889 458 942 modum
489 887 685 950 lubrico
716 891 1029 959 distinguitur
1061 887 1346 942 charactere
1377 889 1561 957 Lathy-

241 986 325 1020 rus
349 984 375 1018 a
395 971 560 1034 Vicia‚
589 968 729 1040 quod
752 968 976 1035 Lathyris
1010 967 1155 1036 stylus
1187 969 1329 1037 supra
1359 967 1559 1025 villosus

241 1045 459 1112 superne
479 1044 649 1097 latior:
696 1051 738 1098 V
740 1048 845 1097 iciis
881 1043 1026 1112 stylus
1060 1044 1224 1099 solum
1253 1043 1404 1095 latere
1435 1043 1560 1095 infe-

241 1123 373 1173 riore
397 1123 666 1174 transverse
686 1120 911 1180 villosus3
951 1120 1013 1173 fic
1033 1124 1172 1173 Vicia
1203 1119 1263 1174 ab
1287 1125 1417 1172 Ervo
1449 1120 1558 1173 solo

242 1199 469 1264 stigmate
484 1240 498 1263 ,
535 1197 780 1264 Lathyrus
802 1216 829 1249 a
849 1199 956 1249 Piso
988 1197 1095 1249 solo
1117 1197 1265 1264 styIO,
1285 1196 1559 1251 *Phaseolus

244 1292 271 1327 a
295 1273 538 1326 Dolichoa
555 1274 655 1327 sola
678 1277 839 1327 carina
863 1292 965 1325 non
985 1273 1143 1343 spirali
1165 1270 1558 1334 discriminatur}

242 1358 434 1403 Verum
455 1355 591 1403 enirn
610 1370 730 1404 vero
752 1369 815 1404 an
833 1368 937 1403 non
958 1350 1107 1404 facies
1129 1365 1330 1404 externa
1353 1364 1403 1404 et
1424 1355 1560 1404 attri-

241 1428 366 1482 buta
401 1433 530 1482 varia
571 1430 852 1499 specierum
876 1427 1175 1482 Phaseolum
1212 1442 1262 1482 et
1277 1421 1558 1497 Dolichos,
1595 1471 1597 1474 .

240 1497 519 1574 Lathyrum
534 1519 591 1560 et
611 1508 774 1577 Pissim
808 1525 965 1578 aeque
998 1519 1191 1575 cogunt
1217 1510 1269 1559 in
1292 1525 1453 1559 unum
1473 1525 1559 1575 ge-

242 1603 336 1637 nus
365 1584 612 1651 naturale,
657 1597 713 1637 ut
752 1584 951 1638 eadem
960 1581 1237 1637 trifolium?
1284 1582 1418 1655 quafi
1453 1602 1559 1636 non

242 1680 400 1733 aeque
431 1663 648 1715 evidenti
668 1666 917 1715 Linneana
946 1673 1066 1713 nota
1095 1662 1260 1713 Pisum
1280 1675 1330 1714 et
1352 1661 1558 1715 Ochrus

241 1742 341 1790 To
361 1758 576 1791 URNEF
596 1758 628 1790 o
649 1759 761 1791 RTI
781 1761 828 1806 1,
868 1757 994 1810 quae
1025 1753 1194 1790 tamen
1221 1742 1271 1790 in
1292 1757 1454 1791 unum
1473 1756 1559 1807 ge-

240 1835 334 1868 nus
356 1814 553 1878 redacta
582 1815 854 1883 habentur,
884 1812 1299 1885 distingueretur?
1376 1820 1559 1872 Nonne

237 1894 529 1947 Reverende
551 1898 690 1946 Pater
718 1894 924 1964 pulchra
947 1912 1023 1946 res
1052 1895 1235 1963 estpro
1260 1896 1451 1946 ratione
1469 1910 1558 1950 VO.-

240 1970 486 2025 luntatem
516 1971 821 2039 obtendere,
865 1969 1112 2025 trifolium
1142 1989 1297 2040 genus
1334 1969 1559 2026 naturale

189 2050 470 2123 statuere,
482 2067 574 2101 nec
588 2048 844 2102 dilacerari
866 2048 1000 2117 poffe
1022 2049 1345 2116 contendere,
1365 2062 1415 2100 et
1435 2048 1558 2101 Pha-

234 2125 437 2181 seolum
467 2144 494 2178 a
524 2126 796 2193 Dolichos,
834 2129 1027 2178 Viciam
1057 2124 1118 2178 ab
1151 2131 1306 2190 Ervo
1345 2127 1509 2179 Pisum
1530 2144 1558 2181 a

235 2202 465 2270 Lathyris
488 2203 675 2256 solvere
706 2216 756 2254 et
787 2204 1021 2272 separare.
1084 2206 1268 2272 Urgeri
1289 2168 1451 2256 adhuc
1465 2202 1557 2256 alia

233 2279 432 2351 poffent
461 2279 522 2332 ab
541 2281 722 2333 iisdem
742 2278 984 2333 botanicis
1007 2279 1276 2333 clarissimis
1308 2286 1341 2333 P
1358 2299 1388 2330 o
1408 2301 1441 2331 N
1458 2301 1488 2332 T
1507 2301 1559 2332 E-

236 2361 863 2425 .DERA,MICHEL10,
904 2361 1169 2409 R1v11<0
1196 2371 1290 2409 etc.
1316 2358 1557 2413 sednune

243 2434 603 2488 descendamus
628 2435 690 2488 ad
709 2437 910 2505 species

359 2513 499 2580 Qud
533 2511 660 2566 bene
691 2514 760 2565 est
791 2517 840 2565 in
863 2515 1099 2573 Eetonica
1123 2511 1392 2580 sllopeczzros
1420 2530 1559 2582 prae-

240 2603 318 2644 ter
340 2595 543 2644 unicam
562 2605 821 2645 externam
838 2589 1035 2657 faciem,
1057 2590 1197 2662 quod
1209 2590 1338 2663 hanc
1357 2591 1559 2658 stirpem

1410 2671 1559 2719 Beto-
