1670 2881
269 157 334 218 58
505 161 1352 199 PR'IMAE'LI’N'EAE

270 271 499 327 amussim
509 289 628 324 vero
644 283 756 323 toto
776 275 861 324 Nr.
877 275 954 324 III.
978 290 1026 342 p.
1034 276 1233 328 XXXV.
1249 275 1469 328 XXXVI.
1483 285 1579 326 ete.

263 351 366 404 ‘Sed
387 353 537 402 etiam
558 366 690 402 nunc:
704 390 718 415 ,
743 346 986 437 fiquidem
1005 351 1195 403 tardior
1215 350 1309 404 esse
1330 351 1509 421 possim
1530 353 1581 402 in

268 427 553 482 tradendis
540 428 597 477 iis
610 442 771 496 ‚quae
791 429 950 495 accipi
973 424 1210 495 debeant,
1233 442 1283 481 et
1307 429 1424 481 alii
1412 447 1464 479 in
1484 426 1580 479 illis

268 502 592 574 accipiendis,
625 519 753 573 quae
775 502 1065 572 traduntur,
1087 522 1196 559 rem
1217 504 1582 602 aliquantulum

265 582 412 637 altius
437 592 673 649 repetam.

382 707 442 756 Et
463 707 629 773 primo
653 723 680 758 a
699 705 805 759 solo
838 703 986 759 rebus
1009 709 1182 759 creatis
1204 724 1231 759 a
1251 718 1423 759 natura
1443 708 1581 774 inge-

267 794 440 835 nerato
474 781 650 835 habitu
679 783 814 836 nulla
843 782 934 836 alia
958 785 1155 836 scientia
1173 826 1186 850 ,
1226 783 1366 836 1111110
1391 783 1488 835 alio
1510 781 1581 834 fa-

266 858 489 912 mulante
518 861 798 928 systemate,
825 873 910 912 aut
933 859 1232 930 subripiente
1259 862 1446 929 ingenii
1469 861 1582 911 arti-

264 938 385 989 ficio
424 950 509 988 aut
543 937 835 991 scholastico
866 937 1067 1007 pulvere
1090 980 1104 1005 ,
1154 950 1380 991 creatum
1411 954 1582 989 rerum

264 1015 548 1067 universum
581 1018 632 1067 in
664 1019 757 1067 tria
780 1033 931 1084 regna
950 1012 1094 1067 facile
1120 1013 1416 1084 dispescere‚
1452 1013 1581 1065 indi-

263 1091 411 1144 vidua
441 1089 628 1145 horum
663 1111 838 1160 genera
873 1090 1002 1144 bene
1025 1090 1181 1144 multa
1202 1094 1253 1142 111
1281 1094 1390 1145 suas
1414 1088 1580 1142 classes

263 1165 408 1220 facile
442 1167 724 1234 dimittere,
764 1168 1063 1236 distinguere
1095 1169 1280 1236 species
1315 1171 1415 1234 jam
1445 1185 1472 1219 a
1506 1179 1581 1217 te-

250 1247 393 1297 neris
415 1247 550 1296 annis
575 1244 844 1303 didicimus
864 1247 1005 1314 pueri
1027 1243 1089 1311 (ᾗ.
1110 1260 1158 1312 4.
1180 1245 1251 1312 5.)
1282 1262 1409 1316 quae
1431 1242 1464 1296 fi
1487 1242 1581 1295 fint

261 1321 637 1387 evidentissima,
661 1325 735 1373 uti
765 1322 893 1388 sunt,
918 1334 1056 1390 pets),
1080 1338 1141 1372 an
1163 1319 1290 1373 bene
1309 1340 1464 1390 genus
1486 1319 1580 1372 hu-

261 1416 472 1452 manum
493 1416 557 1450 ex
576 1398 684 1451 solo
704 1396 880 1451 habitu
901 1399 1207 1450 distinxerim
1226 1416 1350 1468 puer
1363 1441 1378 1466 ‚
1407 1410 1492 1451 aut
1517 1415 1580 1449 an

261 1477 514 1530 senescere
538 1479 674 1544 prius
697 1474 951 1543 debuerit,
993 1487 1045 1527 et
1076 1479 1119 1527 L
1134 1495 1153 1526 1
1170 1494 1205 1527 N
1222 1494 1257 1527 N
1274 1494 1304 1527 A
1321 1495 1348 1528 E
1366 1496 1385 1528 1
1409 1491 1578 1545 opera,

263 1555 335 1605 uti
357 1552 674 1606 Reverendus
694 1553 879 1620 noster,
919 1564 975 1605 ut
1004 1550 1128 1603 illud
1158 1553 1286 1606 adeo
1309 1554 1418 1606 sero
1445 1570 1470 1605 a
1493 1570 1579 1620 pe-

262 1629 466 1683 coribus
495 1642 545 1681 et
573 1629 687 1683 feris
711 1630 1008 1698 distinguere
1038 1627 1275 1683 disceret?
1314 1647 1376 1683 an
1404 1630 1578 1695 hodie,

263 1721 320 1759 ut
347 1706 498 1775 olim,
538 1726 602 1759 ex
635 1706 742 1760 solo
777 1721 827 1759 et
859 1709 1047 1759 variato
1076 1724 1102 1758 a
1135 1707 1374 1759 consueta
1403 1719 1580 1759 natura

262 1785 530 1837 recedente
564 1783 763 1851 habitu,
802 1785 1021 1836 humana
1061 1781 1189 1836 bene
1220 1787 1465 1852 cognovi,
1505 1784 1579 1836 di-

263 1863 408 1914 stinxi
433 1859 678 1914 monstra?
718 1874 768 1913 et
788 1880 918 1914 nunc
941 1878 1177 1925 arcanum
1198 1864 1381 1930 aperiat
1401 1859 1579 1915 funda-

262 1951 522 2006 mentum,
548 1956 650 2011 quo
681 1939 806 1991 haec
838 1935 933 2008 ipse
965 1936 1063 1990 fine
1093 1936 1267 1990 habitu
1290 1939 1578 2007 eognoscat,

263 2034 368 2088 quo
389 2034 516 2070 nova
541 2015 687 2083 hujus
700 2016 976 2069 Reverendi
993 2018 1143 2068 Patris
1165 2013 1389 2067 (1οᾶ11113
1410 2033 1580 2067 caren-

260 2106 337 2146 tes
377 2091 606 2163 baptismi
648 2093 917 2145 administri
940 2135 954 2159 ‚
1005 2091 1103 2145 fine
1141 2110 1283 2145 mora
1323 2093 1462 2145 sacro
1493 2090 1578 2144 ba-

261 2171 504 2241 ptismatis
536 2169 704 2236 fonte,
752 2170 948 2222 homini
980 2168 1188 2221 similem
1218 2168 1343 2222 facie
1375 2181 1579 2221 externa

240 2244 503 2299 ›infantem
540 2250 758 2317 tingant,
798 2246 1052 2314 dissimile,
1091 2247 1371 2299 humanum
1410 2258 1580 2298 tamen

262 2325 543 2377 monstrum
572 2328 763 2394 tingere
800 2323 1055 2390 dubitent,
1093 2336 1327 2383 renuant3
1377 2324 1579 2392 respon-

235 2470 240 2476 ,
264 2401 378 2478 (1031
410 2401 621 2455 demum
643 2401 961 2454 Reverendus
983 2405 1121 2453 Pater
1139 2405 1192 2453 L.
1218 2398 1303 2453 Β..)

379 2515 618 2565 Nationes
650 2512 772 2583 quid
806 2509 982 2564 citius?
1033 2511 1153 2583 quid
1183 2509 1376 2581 aptius?
1426 2529 1580 2582 quam

264 2588 464 2645 habitus
483 2588 763 2660 distinguit?
805 2589 927 2663 quid
947 2588 1169 2656 ejusdem
1193 2592 1345 2642 etiam
1366 2593 1579 2642 nationis

1466 2683 1580 2735 pro-
