1670 2881
416 153 1219 206 1Ns'T1Tv>·r.-130TAN.
1451 175 1480 224 5

150 273 450 344 subripiente
480 277 665 344 ingenii
686 275 899 328 artificio
923 288 1150 327 creatum
1175 294 1344 329 rerum
1369 284 1477 332 uni-

150 353 347 405 versum
381 355 429 404 in
462 355 552 404 tria
582 365 786 406 naturae
818 370 967 421 regna
996 351 1142 405 facile
1174 353 1475 423 dispescatur

148 429 224 498 (§.
248 431 326 497 2.)
358 431 612 483 individua
640 430 829 483 horum
861 449 1044 499 genera
1076 430 1204 483 bene
1237 431 1396 485 multa
1423 437 1472 486 in

145 507 254 559 suas
288 506 454 560 classes
494 505 639 561 facile
663 508 946 560 concedant
981 506 1054 578 (ᾗ.
1076 512 1151 577 3.)
1181 504 1290 561 imo
1320 514 1471 563 etiam

143 584 330 653 species
355 602 379 637 a
402 586 498 638 suis
523 584 787 655 generibus
812 584 978 637 divelli
1013 587 1062 638 se
1098 603 1201 638 non
1222 591 1471 656 patiantur

141 662 345 729 (eadem)
384 661 675 717 facilitatem
716 666 991 716 maximam
1041 663 1190 730 hujus
1233 665 1467 719 methodi

139 757 223 791 me
245 740 595 795 demonstrass'e
625 758 752 793 reor.

712 862 752 933 §.
802 867 881 916 lv.

247 977 426 1045 Neque
449 987 617 1026 tamen
637 977 789 1027 etiam
810 993 943 1027 nunc
967 974 1068 1027 hoc
1093 975 1321 1030 deserere
1341 996 1462 1047 pen-

131 1051 242 1104 sum
267 1052 480 1121 possum,
503 1053 627 1104 dum
652 1054 859 1104 minime
884 1053 1010 1105 mihi
1038 1057 1089 1104 in
1109 1055 1318 1123 angusto
1340 1073 1461 1108 con—

130 1129 295 1181 stituta
325 1127 380 1182 fit
409 1128 671 1199 probatiO,
712 1133 833 1202 quin
861 1129 990 1201 hanc
1024 1131 1331 1184 methodum
1355 1151 1454 1185 non

129 1207 294 1259 solum
316 1205 633 1273 facillimam,
674 1209 760 1261 sed
783 1211 933 1262 etiam
963 1208 1110 1261 nobis
1133 1209 1212 1263 vel
1234 1214 1455 1264 maxime

126 1283 403 1338 naturalem
436 1304 569 1337 nune
601 1285 833 1345 afferatn3
883 1299 934 1337 et
966 1286 1160 1353 dicant,
1200 1291 1287 1359 qui
1312 1301 1455 1341 natu-

125 1380 232 1414 ram
264 1360 584 1430 obnubilare,
626 1375 676 1414 et
703 1363 922 1416 artificiis
954 1366 1220 1417 circumire
1242 1367 1339 1418 suis
1367 1385 1453 1434 gc—

123 1440 273 1492 ssiunt
300 1438 550 1506 botanici‚
583 1440 777 1507 dicant,
812 1444 1045 1512 inquam,
1068 1441 1202 1494 unde
1238 1455 1289 1494 et
1322 1462 1449 1516 quae

121 1515 266 1569 nobis
291 1535 462 1569 rerum
494 1530 774 1571 creatarum
801 1518 862 1571 ab
894 1516 1099 1572 infantia
1129 1532 1241 1572 nata
1272 1519 1329 1572 fit
1361 1540 1448 1573 co·-

118 1597 296 1664 gniti0‚
320 1612 449 1667 quae
471 1594 680 1648 demum
695 1595 987 1648 methodica
1008 1595 1262 1666 dispositio
1279 1598 1413 1668 (§.3.)
1427 1599 1454 1660 Ρ,

119 1685 387 1744 antequam
416 1685 467 1725 et
499 1675 683 1742 ingenii
717 1687 766 1725 et
801 1675 1165 1743 figmentorum
1197 1674 1443 1728 salacitate

116 1749 433 1819 foedaretur,
473 1763 558 1803 aut
579 1750 872 1805 scholastico
897 1752 1311 1820 conspurcaretur
1332 1754 1442 1822 pul-

114 1846 254 1894 vere,
295 1841 346 1880 et
383 1827 717 1898 hypothetico
757 1847 859 1880 non
899 1832 1063 1881 minus
1102 1829 1341 1883 serviliter
1382 1849 1438 1884 ac

114 1923 270 1958 coece
289 1904 668 1959 submitteretur
689 1905 842 1978 jugo?
883 1924 1050 1978 nonne
1077 1906 1201 1960 haec
1233 1921 1345 1960 nata
1369 1911 1437 1961 est

110 1982 212 2036 sola
233 1982 467 2036 fimilium
498 1997 583 2037 aut
615 1984 925 2038 dissimilium
952 1985 1179 2039 idearum
1201 1987 1433 2038 sensuum

110 2058 361 2115 beneficio
399 2065 448 2114 in
477 2060 622 2115 nobis
661 2066 993 2116 'excitatarum
1026 2063 1434 2133 comparatione?

108 2138 195 2192 sed
227 2138 354 2192 haee
395 2138 668 2193 similitudo
698 2153 783 2194 aut
815 2139 1161 2193 diffimilitudo
1204 2141 1429 2193 idearum

106 2216 342 2270 sensuum
372 2214 620 2270 beneficio
650 2222 701 2270 in
735 2216 880 2272 nobis
903 2222 1236 2272 excitatarum
1264 2222 1315 2272 in
1338 2239 1431 2271 nu-

107 2311 251 2349 mero
265 2337 279 2362 ‚
303 2307 352 2348 et
373 2308 547 2348 natura
566 2309 802 2348 notarum
823 2300 984 2366 prima
1003 2295 1170 2348 fronte
1202 2295 1428 2349 distinete

105 2370 509 2437 obvenientium,
552 2392 674 2446 quas
706 2392 1006 2427 communes
1028 2388 1113 2427 aut
1137 2373 1316 2428 alienas
1341 2375 1428 2426 ha-

104 2446 225 2502 bent
256 2467 471 2521 corpora
498 2450 713 2505 senfibus
743 2451 938 2519 hausta,
979 2451 1138 2505 verbo
1170 2454 1221 2504 in
1248 2450 1423 2504 habitu

103 2523 365 2580 fundatur:
402 2533 713 2599 comparatio
735 2549 799 2582 ex
822 2532 1157 2601 percipiente,
1179 2544 1230 2582 et
1257 2530 1423 2581 distin-

102 2616 289 2673 guente
327 2608 490 2661 anima
527 2609 667 2675 fluit,
706 2625 834 2679 quae
867 2607 1055 2661 scilicet
1081 2607 1207 2660 haec
1240 2623 1423 2658 conve-

723 2686 773 2738 A
811 2703 839 2755 3
1222 2687 1423 2748 mentia,
