1670 2881
327 105 1241 142 -1NST1TVT.·130'1³AN.-
1398 106 1461 160 73

127 216 389 272 sociandas
409 219 648 285 imperat:
686 233 820 268 nunc
849 233 970 268 cum
992 213 1250 284 duplicem
1279 213 1459 284 posue,-

130 297 231 351 .rim
251 292 498 358 habitum,
526 311 647 346 eum
669 311 851 364 nempe
877 305 1079 345 externa
1103 289 1232 345 facie
1262 294 1312 343 in
1333 310 1458 345 ocu-

129 371 208 429 los
235 372 396 424 statim
429 374 798 439 incurrentem,
829 383 880 423 et
908 389 1054 438 eum,
1090 371 1183 442 qu'i
1215 382 1456 426 notarum

128 447 486 513 nonnullarum
528 448 880 520 principalium
918 447 1132 510 absentia
1172 445 1455 517 colligatur,

128 526 375 596 posterior
404 545 524 581 vero
554 531 709 598 priori
740 526 913 594 cedat,
943 525 1146 580 evidens
1168 525 1265 594 est,
1303 529 1457 582 etiam

130 607 354 674 primum
385 617 471 658 aut
500 608 552 658 in
582 604 761 675 plantis
784 603 1130 674 Cryptanthis,
1151 617 1237 656 aut
1256 608 1457 656 Incom-

130 679 275 752 pletis
333 681 686 736 obvenientem
745 680 976 745 habitum
1027 679 1279 735 rectorem
1329 680 1457 743 effe5

130 762 500 811 LINNAEVM
542 773 716 813 contra
751 762 803 811 in
840 755 1100 812 numerica
1141 754 1456 829 potissimum

130 835 488 906 vegetabilium
510 836 831 907 dispositione
855 837 1162 903 systematica
1194 855 1455 909 nunquam

130 932 194 966 ex
214 912 417 982 habitu,
457 933 612 987 quern
642 928 814 968 tamen
860 915 1056 985 semper
1086 914 1326 982 advocat,
1368 913 1457 968 ubi

129 990 200 1043 illi
229 1009 355 1062 aqua
387 992 585 1058 haeret,
617 991 863 1044 statuendi
892 994 968 1058 jus
995 989 1195 1044 habere.
1273 993 1457 1046 Misera

129 1067 198 1121 cst
227 1070 485 1122 excusatio
516 1068 771 1137 Cleomis,
808 1068 951 1141 quod
977 1068 1042 1121 ad
1073 1067 1458 1135 tetradynamias

129 1149 376 1216 pertineat
406 1145 475 1199 ob
502 1145 758 1219 siliquam,
795 1144 861 1200 fic
891 1149 1028 1199 enim
1055 1163 1162 1200 non
1182 1144 1284 1199 sola
1306 1146 1458 1201 Cleo-

129 1242 214 1276 me
246 1223 332 1277 sed
365 1237 417 1276 et
447 1227 690 1295 Papavcra
721 1235 774 1276 et
815 1221 940 1277 aliae
981 1224 1246 1277 sexcentae
1285 1225 1457 1295 stirpes

127 1302 503 1369 tetradynamiis
551 1300 723 1355 inferri
782 1299 1057 1368 deberent,
1107 1301 1248 1374 quod
1296 1307 1371 1355 L1
1389 1322 1459 1355 N-

130 1398 166 1431 N
188 1398 218 1430 A
244 1398 271 1430 E
297 1390 340 1431 v²
361 1398 384 1432 s
427 1397 534 1434 non
579 1377 768 1438 faceret
807 1376 877 1432 ob
915 1376 1337 1440 subordinationis
1366 1397 1460 1451 po-

126 1469 353 1510 tentiam.

239 1613 480 1667 Tandem
509 1609 623 1683 3¹¹²¹¹2
651 1610 1066 1685 Compofitarum
1096 1612 1295 1668 classem
1318 1611 1459 1667 habi-

126 1705 187 1745 tu
232 1690 554 1745 determinari
601 1692 867 1760 concedit,
914 1711 1070 1765 quem
1110 1704 1282 1745 tamen
1314 1709 1341 1744 a
1374 1709 1460 1743 me

126 1773 268 1838 juxta
301 1772 405 1822 vim
436 1765 672 1822 vocabuli
702 1768 1121 1840 compofitarum,
1154 1782 1205 1823 et
1236 1768 1460 1840 plurium

126 1847 487 1901 botanicorum
528 1860 783 1916 mentem,
832 1851 884 1899 in
913 1847 1245 1902 flosculorum
1276 1864 1460 1900 mono-

125 1923 413 1996 petalorum
447 1928 713 1978 communi
749 1925 907 1994 calyci
945 1924 1134 1999 absque
1160 1923 1460 1997 pedunculis

126 2001 447 2056 infidentium
482 2007 837 2074 aggregatione
859 2046 875 2071 ,
927 2003 1195 2056 definitum
1230 2005 1462 2055 crimina-

126 2092 237 2148 tur,
260 2079 345 2134 sed
367 2098 465 2150 ego
487 2099 570 2149 ea,
602 2080 665 2135 ad
691 2100 818 2153 quae
843 2081 1104 2151 respondi,
1133 2098 1238 2133 non
1263 2081 1461 2151 semper

126 2171 378 2229 repetam:
419 2177 512 2212 nec
543 2159 613 2212 est
643 2178 734 2212 cur
768 2158 839 2212 illi
871 2158 1152 2230 displiceat,
1193 2158 1334 2230 quod
1369 2176 1461 2211 no-

126 2247 233 2293 tam
270 2239 345 2289 L1
362 2255 397 2287 N
414 2255 570 2289 NAEI
612 2237 822 2289 Stamina
850 2241 1057 2288 nimirum
1091 2237 1284 2288 anthei-is
1313 2240 1358 2287 in
1387 2255 1462 2301 cy-

126 2312 318 2363 lindrum
350 2313 510 2366 coalita
540 2331 646 2367 non
681 2314 1052 2385 assumpserim3
1093 2315 1220 2368 dum
1252 2315 1461 2367 docenti

125 2387 323 2443 facilior
346 2404 398 2443 et
419 2391 557 2446 illico
578 2391 725 2446 obvia
753 2405 900 2460 nota,
928 2392 1070 2446 alteri
1098 2394 1297 2462 semper
1322 2408 1462 2461 prae-

122 2464 334 2531 ferenda
365 2466 437 2526 fit.
518 2474 660 2542 Quas
701 2490 835 2525 nunc
874 2489 939 2523 ex
979 2471 1252 2543 praemiffis
1288 2469 1462 2524 conse-

293 2561 298 2569 ’
817 2552 859 2601 E
899 2566 930 2619 5
1304 2564 1462 2622 quen-
