1670 2881
240 131 303 167 10
467 130 1326 167 PRIMAE‘LINEAE

237 257 484 309 generum
507 235 729 310 plurium
752 242 1095 294 convenientia
1128 244 1180 293 in
1211 240 1430 310 partibus
1453 238 1556 293 fru-

242 314 555 370 elifieationis
584 318 692 383 (Nr.
717 313 895 386 160.)?
934 316 1249 387 Philosophia
1279 319 1378 387 ipsa
1408 321 1557 369 Bota-

242 398 353 447 nica
376 392 596 446 exaffior
625 391 952 461 Philosophus
975 407 1026 445 et
1047 398 1312 447 Botanicus
1333 399 1383 446 T
1401 413 1432 444 o
1450 413 1481 445 u
1501 413 1558 445 R-

244 491 280 525 N
297 491 323 523 E
339 492 365 523 F
386 489 417 521 0
441 491 472 523 R
489 490 519 522 T
539 488 555 521 1
569 489 601 520 u
622 488 643 520 s
680 468 923 535 „classem
961 474 1249 539 congeriem
1287 489 1557 540 generum,

244 547 460 621 „quibus
488 560 608 599 nota
642 547 890 618 quaedam
918 546 1047 600 adeo
1069 552 1268 618 propria
1293 548 1373 611 fit,
1407 561 1463 601 ut
1496 547 1557 599 ab

241 625 382 696 „aliis
404 623 638 676 omnibus
662 623 923 692 generibus
939 624 1219 694 plantarum
1240 627 1440 695 prorsus
1465 622 1559 677 dif-

241 701 446 772 „serat„
475 719 590 754 vere
622 714 672 752 et
706 700 862 753 solide
888 702 1177 771 proposuit3
1211 716 1261 755 et
1292 703 1416 757 haee
1438 714 1558 754 nota

243 781 481 845 demum,
521 795 852 850 quaecunque
873 778 957 846 fit,
997 777 1280 833 assumenda
1315 779 1407 846 est,
1445 795 1559 832 raro

242 861 294 909 in
321 855 429 926 ipfis
451 853 845 908 frustificationis
878 855 1097 925 partibus
1118 859 1392 916 invenitur3
1428 857 1560 925 ipsae

235 951 364 988 (vero
394 931 791 986 srufflficationis
826 946 988 1001 partes
1018 933 1145 987 adeo
1175 934 1458 988 differentes
1495 932 1559 984 ad

241 1010 525 1064 'stabilienda
548 1028 755 1078 genera,
795 1007 1118 1079 fisufficiant,
1157 1024 1243 1065 aut
1264 1012 1477 1080 specieS,
1508 1013 1560 1062 in

241 1088 424 1160 quibus
447 1087 652 1139 meliora
676 1089 793 1140 dant
816 1087 1121 1154 discrimina,
1161 1100 1247 1141 aut
1267 1089 1476 1142 demum
1496 1086 1560 1140 acl

242 1164 485 1218 i'eelionez
506 1163 791 1232 simpliciter
812 1163 1123 1216 adhibendae
1136 1168 1348 1217 veniunt.
1422 1166 1560 1217 Cum

241 1245 379 1294 enim
410 1241 574 1292 nullus
607 1245 650 1293 L
666 1260 683 1292 1
701 1260 735 1292 N
752 1259 786 1291 N
804 1259 833 1290 A
850 1259 876 1290 E
895 1259 925 1289 o
957 1240 1134 1293 melius
1169 1241 1385 1296 aliorum
1418 1242 1561 1310 syste-

242 1321 547 1371 'maticorun‘i
566 1316 963 1371 fundamentales
982 1314 1429 1373 frucffificationum
1449 1335 1560 1390 par-

241 1413 317 1449 tes
361 1397 447 1449 seu
474 1395 652 1463 calyx,
710 1394 926 1462 corolla,
986 1392 1236 1451 fruetusve
1271 1392 1448 1462 fuerit,
1507 1397 1561 1448 in

242 1474 367 1529 haee
420 1471 704 1542 {impliciter
753 1485 1003 1540 uteretur,
1060 1472 1257 1525 videtur
1300 1474 1412 1526 sane
1455 1474 1560 1539 ejus

242 1551 480 1619 exemplo
512 1551 761 1617 dandum,
799 1562 856 1603 ut
882 1563 933 1603 et
967 1548 1186 1603 sexuales
1217 1547 1560 1602 fruetificatio-

241 1632 316 1681 nis
339 1642 500 1698 partes
533 1629 735 1679 stamina
775 1645 956 1697 nempe
990 1641 1041 1679 et
1066 1625 1235 1696 pistilla
1261 1630 1311 1678 in
1336 1627 1560 1679 classium

242 1703 537 1772 divifiones,
578 1707 848 1773 generum,
903 1701 1278 1775 specierumque
1308 1704 1560 1756 definitio-

241 1801 329 1836 nes
364 1781 526 1834 solum
556 1779 910 1849 adhibeantur,
951 1796 1008 1833 ut
1040 1799 1145 1833 non
1174 1780 1284 1833 talis
1317 1799 1559 1849 generum

242 1870 419 1914 contra
449 1871 678 1911 naturam
707 1859 1158 1930 multiplicatorum
1198 1876 1439 1911 numerus
1471 1858 1558 1910 ha-

241 1935 445 2004 beatur,
486 1936 688 2008 qualem
712 1937 909 1990 sexuale
943 1937 1172 2004 systema,
1212 1934 1246 1988 fi
1268 1936 1559 1988 sexumnon

242 2013 602 2086 dereliquisset,
638 2027 690 2066 et
712 2015 760 2067 se
782 2014 976 2068 habitui
997 2012 1230 2079 dedisset,
1268 2015 1416 2067 nimis
1437 2030 1558 2066 one-

240 2093 415 2146 rosum
447 2088 759 2144 exhibuiffet.

775 2213 816 2283 ᾗ.
893 2218 1017 2267 vm.

354 2325 649 2378 Monstravit
685 2323 893 2395 quidem
925 2323 1095 2393 amplo
1134 2322 1363 2392 catalogo
1393 2322 1558 2375 Philo-

241 2403 415 2474 sophia
436 2405 672 2454 Botanica
696 2402 820 2469 (Nr.
842 2403 986 2468 170.)
1019 2418 1211 2452 errores
1238 2404 1289 2452 T
1305 2419 1335 2450 o
1356 2420 1387 2450 u
1407 2419 1438 2450 R
1454 2420 1487 2451 N
1506 2419 1558 2450 E-

244 2486 272 2533 F
291 2500 414 2532 oRT
433 2500 452 2531 1
470 2500 519 2548 1,
551 2476 681 2531 mifit
702 2480 836 2529 enim
859 2495 1038 2546 genera
1070 2480 1200 2528 Rup
1218 2498 1242 2529 P
1262 2497 1280 2528 1
1298 2476 1419 2528 Am
1454 2495 1558 2529 non

242 2557 453 2611 *definita*
496 2570 549 2609 et
586 2555 828 2623 aliorum,
887 2554 1066 2627 quibus
1106 2554 1254 2623 dicit,
1315 2553 1557 2608 suffecisse

1429 2629 1558 2683 bene
