1670 2881
187 134 311 185 —24
475 121 1320 171 rssxiiAtLINEAz‘

248 244 376 296 hanc
406 244 593 299 nullam
622 244 766 297 aliam
793 244 1093 314 poffidercnt
1113 258 1287 299 notam
1318 245 1551 299 omnibus

249 319 603 387 communem,
651 321 772 372 haec
811 319 1007 373 habitus
1045 319 1300 391 simplicis,
1355 335 1406 375 et
1434 341 1554 377 curn

250 397 408 469 aliqua
439 398 844 467 praecedentium
883 397 1117 450 affinitate
1148 400 1303 452 affinis
1331 402 1554 466 vocavit,

246 492 376 546 quae
398 473 565 546 aliquo
582 491 749 544 eoque
772 477 908 542 gravi
927 472 1243 527 abscederent
1261 474 1291 527 s
1298 494 1425 546 gno
1446 479 1553 528 imo

251 555 402 603 ctiam
434 556 484 603 in
522 552 621 619 ipsa
661 548 926 622 aliquando
965 552 1397 619 tergiversarentur
1426 551 1555 606 facie

250 631 537 693 communi,
576 626 937 699 aliquantulum
957 629 1237 696 personata,
1277 643 1327 680 et
1358 633 1409 681 in
1438 627 1555 682 alias

250 704 415 756 classes
446 703 737 757 inclinarent
757 746 770 771 ,
827 703 1023 756 habitus
1055 702 1430 776 deliquescentis
1466 722 1556 757 no-

248 785 386 833 mine
408 785 566 850 aptius
587 779 855 850 infignivit5
892 780 1016 833 hacc
1037 797 1172 848 vem,
1198 799 1324 852 quae
1345 785 1396 834 in
1416 799 1558 834 com-

251 861 393 909 muni
412 870 615 910 exter-na
645 859 981 926 conspirarent
999 856 1151 925 facie,
1190 870 1241 910 et
1270 872 1442 911 notam
1473 858 1556 911 aii-

251 952 404 1005 quam
435 934 582 987 aliam
612 947 1008 999 caementantem
1038 934 1304 1006 haberent,
1360 934 1557 988 habitus

251 1011 379 1062 dixit
402 1009 628 1064 absoluti.
708 1015 785 1064 Sic
806 1010 1001 1064 habitus
1023 1009 1251 1081 simplicis
1285 1019 1558 1065 CRYPTAN-

252 1106 389 1139 THAS
424 1092 533 1156 (per
562 1106 788 1141 errorem
809 1092 943 1141 enim
964 1088 1251 1158 impressum
1279 1090 1347 1141 est
1367 1087 1560 1141 absolu-

251 1167 976 1232 tun1)CALYc1Ft0RAs‚
1035 1183 1556 1217 FvamFLoRAs

251 1243 560 1307 enunciavit,
600 1242 757 1295 affinis
779 1240 902 1293 solas
927 1261 945 1291 1
963 1259 997 1291 N
1015 1260 1041 1291 c
1063 1259 1093 1290 o
1112 1259 1149 1290 M
1167 1260 1192 1292 P
1211 1261 1236 1292 L
1252 1260 1279 1292 E
1295 1261 1324 1292 T
1339 1260 1369 1292 A
1386 1261 1406 1292 s
1425 1283 1439 1307 ,
1478 1240 1565 1292 ab-

251 1316 403 1370 soluti
455 1335 575 1369 cum
646 1317 1030 1389 deliquescentia
1091 1336 1118 1367 c
1138 1335 1169 1367 o
1189 1335 1226 1368 M
1244 1338 1269 1370 1>
1289 1336 1320 1368 o
1341 1337 1362 1369 s
1383 1338 1401 1369 1
1418 1337 1448 1368 T
1463 1336 1493 1368 A
1509 1337 1529 1370 s
1546 1359 1561 1384 ,

249 1412 571 1446 -GRAMINA
595 1436 609 1460 9
682 1412 1036 1462 LILIACEAS
1062 1435 1076 1460 ,
1139 1412 1562 1461 RINGENTES,

258 1489 842 1538 PAPILIONACEAS,
883 1488 1414 1537 CRVCIFORMES‚
1457 1476 1563 1523 co-

258 1566 284 1599 L
300 1566 334 1599 v
353 1566 389 1598 M
408 1567 443 1598 N
461 1568 479 1598 1
496 1567 521 1600 12
538 1567 565 1599 E
581 1569 611 1600 R
626 1567 656 1599 A
671 1567 733 1608 83
791 1552 881 1599 Eas
917 1563 1038 1600 vero
1069 1547 1235 1616 stirpes
1257 1589 1272 1614 ,
1333 1565 1459 1620 quae
1501 1547 1563 1600 ad

252 1622 438 1676 harum
469 1623 690 1677 claffium
719 1623 907 1676 nullam
937 1621 1072 1676 redte
1102 1641 1165 1675 ex
1194 1622 1369 1677 habitu
1390 1624 1566 1678 reduci

254 1699 515 1772 hucusque
535 1701 752 1771 possent,
792 1700 855 1752 ad
876 1698 1040 1752 claffcs
1071 1700 1345 1754 artificiales
1369 1719 1567 1753 PAvct-

263 1796 283 1827 s
304 1796 661 1844 TAMINVM,
701 1790 751 1829 et
775 1795 863 1828 Mv
884 1795 1347 1831 LTI—STAMJNV
1368 1795 1435 1844 M,
1476 1777 1567 1835 do,-

255 1872 351 1906 nec
399 1852 771 1925 vegetabilibus·
816 1851 1050 1927 omnibus
1103 1851 1310 1907 detectis
1355 1852 1568 1907 feliciori

258 1943 417 1987 aetate
449 1934 601 1993 ctiam
628 1935 680 1984 in
710 1930 952 1994 clastibus,
977 1928 1277 1994 naturalibus
1317 1934 1569 2002 civitatem

260 2008 652 2080 consequantur,
673 2005 870 2061 remisit.
949 2008 1238 2074 Secundum
1261 2024 1380 2060 vero
1402 2001 1494 2058 nec
1515 2008 1569 2060 id

259 2086 476 2152 ignorari
507 2084 657 2137 debet
670 2128 684 2152 ‚
727 2084 1034 2137 clafficarum
1070 2083 1251 2136 harum
1280 2084 1570 2137 denomina-

257 2154 457 2214 tionum
477 2161 713 2231 plurimas
728 2159 999 2212 arbitrarias
1020 2159 1130 2226 effe,
1152 2172 1203 2211 ct
1223 2160 1382 2212 deesse
1404 2161 1571 2213 adhuc

260 2237 408 2305 tales,
452 2256 570 2310 quas
601 2237 798 2290 habitus
827 2254 929 2288 non
962 2235 1261 2304 confundat,
1318 2237 1435 2289 hinc
1466 2255 1570 2290 non

262 2314 390 2367 adeo
418 2317 755 2385 peremptorie
778 2313 1175 2366 denominationi
1209 2313 1426 2367 clafficae
1448 2315 1571 2366 stan-

254 2391 389 2444 dum
421 2391 514 2444 effe
534 2433 549 2457 ‚
608 2391 691 2445 sed
721 2393 877 2460 magis
909 2391 1100 2460 semper
1136 2389 1328 2443 habitui
1351 2410 1360 2442 :
1431 2404 1482 2443 et
1518 2395 1571 2445 in

263 2468 687 2538 Cryptantharum
709 2467 850 2520 classe
873 2469 1166 2538 conspicuae
1187 2470 1285 2535 jam
1307 2469 1571 2521 florescen-

262 2547 360 2598 'tiae
382 2546 548 2615 stirpes
570 2545 806 2613 evadere,
843 2558 892 2598 et
912 2549 964 2598 in
985 2543 1125 2599 claffe
1146 2544 1571 2615 Incompletarum

1428 2641 1570 2676 com-
