1670 2881
188 142 259 194 70
418 131 1277 191 ΡιιΜΛΕιιΝἘΑι

194 253 379 320 „igitur
409 244 704 322 potentioris
725 246 924 302 habitus
944 246 1159 318 gradus?
1198 264 1314 299 nam
1338 243 1423 299 etfi
1455 239 1514 302 in

193 328 621 399 „plaeentatione,
661 325 993 391 radicatione,
1019 324 1406 389 ramificatione,
1436 325 1517 380 in}

193 399 471 472 „torliene,
510 405 878 473 gemmatione,
915 399 1199 468 foliatione,
1240 398 1519 470 stipulatio-2

193 501 291 549 „ne
304 486 330 545 ‚'
348 481 668 553 pubescentia
684 521 699 546 ,
749 477 1119 548 glandulatione
1131 520 1146 545 ,
1183 475 1517 543 laetescentia,

193 559 619 627 „inflorescentia,
659 554 865 627 aliisque
884 553 1116 607 habitum
1145 552 1370 607 nonnulli
1399 551 1517 623 fun-

195 636 480 706 „daverint,
521 636 673 685 etiam
701 632 762 686 ad
786 650 962 685 omnes
984 629 1382 686 i‘rustificationis
1401 647 1516 699 par-

194 710 314 779 „tes'
339 710 420 763 alii
455 710 796 777 extenderint,
836 722 887 762 et
918 727 980 761 ex
1009 709 1086 762 his
1119 706 1354 761 omnibus
1380 706 1518 760 ordi-

194 807 317 855 „nes
337 787 583 841 naturales
603 785 839 854 fecerint,
875 789 925 839 in
959 804 1059 858 qua
1086 786 1296 839 demum
1319 802 1400 850 re,
1429 793 1516 837 aut

195 863 440 934 „foi-tior,
466 877 551 918 aut
581 863 698 917 effet
725 862 1055 931 imbecillior,
1093 878 1248 916 nemo
1277 860 1519 926 definivit,

195 955 284 1010 „et
322 941 470 1009 hujus
512 941 722 1014 quidem
753 942 926 995 causae
964 941 1215 996 summam
1251 935 1523 1010 aliquando

196 1020 480 1086 „rationem
521 1016 748 1086 habebO,
797 1017 964 1091 quod,
1012 1014 1199 1071 etiamfi
1243 1032 1347 1069 non
1390 1014 1525 1069 adeo

197 1109 376 1169 „eerto
408 1095 694 1167 fieri'poffit
721 1098 773 1147 in
804 1097 965 1164 prima
996 1093 1092 1147 hac
1123 1094 1372 1158 editione,
1409 1090 1523 1144 fore

197 1181 403 1241 „tamen
436 1173 606 1241 sper0,
637 1183 695 1223 ut
721 1174 773 1223 in
803 1168 1123 1242 sequentibus
1156 1166 1398 1222 habeatur
1424 1170 1524 1219 evi-

197 1249 461 1318 „dentior,
487 1259 537 1300 et
564 1244 700 1299 redte
734 1249 836 1313 Jam
855 1249 948 1299 HA
963 1266 988 1298 L
1005 1266 1032 1297 L
1047 1264 1075 1298 E
1092 1265 1122 1296 R
1137 1264 1172 1297 u
1190 1264 1211 1298 s
1250 1247 1451 1297 monuit
1473 1246 1525 1295 in

199 1322 418 1394 „sincera
447 1322 744 1377 immortalis
775 1327 939 1394 operis
960 1321 1292 1392 praefatione,
1317 1322 1526 1374 affinita-

198 1415 310 1471 „tcs
340 1400 585 1457 naturales
621 1399 708 1454 fibi
746 1418 849 1452 non
883 1399 1126 1470 simplices
1157 1400 1340 1465 videri,
1380 1410 1430 1451 et
1461 1395 1523 1449 ab

201 1498 342 1549 „uno
359 1480 540 1549 genere
572 1478 635 1531 ad
667 1477 758 1531 alia
780 1476 938 1531 multa
960 1496 1022 1529 ex
1044 1473 1239 1529 diverfis
1261 1478 1393 1528 notis
1414 1493 1527 1545 pere

200 1557 353 1627 „inde
392 1555 530 1628 poffe
580 1555 804 1624 legitime
842 1552 1047 1621 transiri,
1088 1554 1230 1625 quod
1271 1555 1529 1608 monitum

201 1652 341 1702 „non
376 1636 487 1687 stitis
517 1631 611 1685 illis
638 1630 877 1686 inculcari
922 1632 1111 1702 potest,
1162 1633 1251 1704 qui
1280 1627 1527 1684 naturales

197 1711 438 1783 „ordines
461 1721 720 1782 quaerunt.
734 1751 767 1777 „

250 1853 257 1857 ><
297 1822 405 1874 -An
424 1837 523 1890 ego
547 1838 680 1873 nunc
703 1832 788 1872 aut
823 1819 885 1872 de
913 1819 1177 1873 flaminum
1207 1817 1528 1889 pistillorum-
1555 1812 1558 1814 ’

202 1917 301 1970 que
334 1914 548 1952 numero
570 1910 667 1957 ‚aut
688 1897 752 1949 de
783 1895 970 1950 sexuali
992 1897 1248 1963 systemate
1276 1894 1355 1950 vel
1383 1896 1528 1948 mini-

203 1994 350 2029 mum
383 1977 759 2041 somniaverim,
815 1973 1134 2027 Reverendus
1159 1978 1299 2027 Pater
1328 1973 1530 2043 respon-

205 2053 339 2119 deat,
359 2066 410 2104 ct
423 2050 548 2104 mihi
560 2063 610 2102 et
623 2047 800 2104 leetori
814 2050 822 2103 l
844 2063 901 2112 et
912 2050 1074 2115 nostra
1085 2051 1413 2121 imposterum
1425 2058 1531 2102 non

204 2126 437 2184 abutatur
460 2126 719 2197 patientia!
788 2130 933 2180 Enim
956 2145 1077 2179 vero
1100 2130 1269 2183 mirari
1292 2127 1401 2180 satis
1425 2142 1530 2178 non

204 2205 403 2277 pofi'urn
434 2203 495 2259 ab
520 2221 584 2257 eo
613 2216 873 2274 tempore,
912 2220 1015 2276 quo
1048 2204 1326 2260 Graecense
1360 2201 1531 2256 Colle-

205 2286 347 2355 gium
379 2279 712 2354 papilionibus
745 2283 910 2339 ornari
941 2285 1136 2350 coepit,
1159 2295 1209 2335 et
1228 2281 1434 2352 plantis,
1457 2297 1533 2331 ar-

205 2357 535 2430 gumentandi
564 2357 695 2411 adeo
725 2360 777 2409 in
810 2357 996 2410 eodem
1028 2359 1293 2413 relaxatam
1317 2354 1532 2426 discipli-

206 2455 324 2491 nam
345 2436 440 2491 effe
457 2478 472 2506 ,
494 2446 550 2487 ut
572 2447 623 2488 et
647 2452 758 2488 eam
777 2432 1074 2489 Profeffores
1094 2439 1339 2505 ignorent.

1382 2562 1535 2615 Nunc
