<?xml version="1.0" encoding="UTF-8"?>
<!DOCTYPE html PUBLIC "-//W3C//DTD XHTML 1.0 Transitional//EN"
    "http://www.w3.org/TR/xhtml1/DTD/xhtml1-transitional.dtd">
<html xmlns="http://www.w3.org/1999/xhtml" xml:lang="en" lang="en">
 <head>
  <title>
</title>
<meta http-equiv="Content-Type" content="text/html;charset=utf-8" />
  <meta name='ocr-system' content='tesseract 3.04.00' />
  <meta name='ocr-capabilities' content='ocr_page ocr_carea ocr_par ocr_line ocrx_word'/>
</head>
<body>
  <div class='ocr_page' id='page_1' title='image "./primarumlinearum00cran_0008.png"; bbox 0 0 1670 2881; ppageno 0'>
   <div class='ocr_carea' id='block_1_1' title="bbox 213 131 1299 185">
    <p class='ocr_par' dir='ltr' id='par_1_1' title="bbox 213 131 1299 185">
     <span class='ocr_line' id='line_1_1' title="bbox 213 131 1299 185; baseline 0 -17"><span class='ocrx_word' id='word_1_1' title='bbox 213 132 250 185; x_wconf 86' lang='lat'>4</span> <span class='ocrx_word' id='word_1_2' title='bbox 442 131 1299 169; x_wconf 64' lang='lat' dir='ltr'>rnlMAELINE‘AE</span> 
     </span>
    </p>
   </div>
   <div class='ocr_carea' id='block_1_2' title="bbox 174 238 1528 2540">
    <p class='ocr_par' dir='ltr' id='par_1_2' title="bbox 174 238 1528 2540">
     <span class='ocr_line' id='line_1_2' title="bbox 213 238 1528 313; baseline 0.003 -21"><span class='ocrx_word' id='word_1_3' title='bbox 213 238 474 310; x_wconf 79' lang='lat' dir='ltr'>vegetabili</span> <span class='ocrx_word' id='word_1_4' title='bbox 492 240 789 295; x_wconf 76' lang='lat' dir='ltr'>inscribere?</span> <span class='ocrx_word' id='word_1_5' title='bbox 829 256 877 294; x_wconf 89' lang='lat' dir='ltr'>et</span> <span class='ocrx_word' id='word_1_6' title='bbox 900 245 949 294; x_wconf 91' lang='lat' dir='ltr'>in</span> <span class='ocrx_word' id='word_1_7' title='bbox 972 243 1047 295; x_wconf 74' lang='lat' dir='ltr'>his</span> <span class='ocrx_word' id='word_1_8' title='bbox 1073 244 1178 296; x_wconf 87' lang='lat' dir='ltr'>duo</span> <span class='ocrx_word' id='word_1_9' title='bbox 1200 245 1357 313; x_wconf 86' lang='lat' dir='ltr'>prima</span> <span class='ocrx_word' id='word_1_10' title='bbox 1380 250 1528 311; x_wconf 84' lang='lat' dir='ltr'>gene-</span> 
     </span>
     <span class='ocr_line' id='line_1_3' title="bbox 213 318 1528 384; baseline 0.002 -15"><span class='ocrx_word' id='word_1_11' title='bbox 213 335 266 369; x_wconf 84' lang='lat' dir='ltr'>ra</span> <span class='ocrx_word' id='word_1_12' title='bbox 297 320 348 371; x_wconf 87' lang='lat' dir='ltr'>in</span> <span class='ocrx_word' id='word_1_13' title='bbox 379 336 529 371; x_wconf 84' lang='lat' dir='ltr'>unam</span> <span class='ocrx_word' id='word_1_14' title='bbox 568 319 791 384; x_wconf 75' lang='lat' dir='ltr'>classem,</span> <span class='ocrx_word' id='word_1_15' title='bbox 837 324 1068 371; x_wconf 85' lang='lat' dir='ltr'>omnium</span> <span class='ocrx_word' id='word_1_16' title='bbox 1100 325 1251 373; x_wconf 85' lang='lat' dir='ltr'>trium</span> <span class='ocrx_word' id='word_1_17' title='bbox 1278 318 1452 371; x_wconf 83' lang='lat' dir='ltr'>ultima</span> <span class='ocrx_word' id='word_1_18' title='bbox 1477 324 1528 372; x_wconf 87' lang='lat' dir='ltr'>in</span> 
     </span>
     <span class='ocr_line' id='line_1_4' title="bbox 213 393 1527 464; baseline 0.001 -18"><span class='ocrx_word' id='word_1_19' title='bbox 213 393 359 447; x_wconf 68' lang='lat' dir='ltr'>aliam</span> <span class='ocrx_word' id='word_1_20' title='bbox 380 394 595 464; x_wconf 60' lang='lat' dir='ltr'>spectare</span> <span class='ocrx_word' id='word_1_21' title='bbox 617 395 758 448; x_wconf 83' lang='lat' dir='ltr'>fateri</span> <span class='ocrx_word' id='word_1_22' title='bbox 781 395 968 447; x_wconf 77' lang='lat' dir='ltr'>necesse</span> <span class='ocrx_word' id='word_1_23' title='bbox 987 395 1169 449; x_wconf 84' lang='lat' dir='ltr'>habet?</span> <span class='ocrx_word' id='word_1_24' title='bbox 1205 409 1254 450; x_wconf 85' lang='lat' dir='ltr'>et</span> <span class='ocrx_word' id='word_1_25' title='bbox 1276 408 1442 448; x_wconf 87' lang='lat' dir='ltr'>tamen</span> <span class='ocrx_word' id='word_1_26' title='bbox 1465 415 1527 448; x_wconf 86' lang='lat' dir='ltr'>ne</span> 
     </span>
     <span class='ocr_line' id='line_1_5' title="bbox 213 471 1528 543; baseline 0.002 -21"><span class='ocrx_word' id='word_1_27' title='bbox 213 472 298 523; x_wconf 89' lang='lat' dir='ltr'>hic</span> <span class='ocrx_word' id='word_1_28' title='bbox 338 471 544 543; x_wconf 88' lang='lat' dir='ltr'>quidem</span> <span class='ocrx_word' id='word_1_29' title='bbox 581 471 746 523; x_wconf 82' lang='lat' dir='ltr'>adhuc</span> <span class='ocrx_word' id='word_1_30' title='bbox 782 471 885 523; x_wconf 90' lang='lat' dir='ltr'>ullo</span> <span class='ocrx_word' id='word_1_31' title='bbox 919 489 1046 541; x_wconf 82' lang='lat' dir='ltr'>opus</span> <span class='ocrx_word' id='word_1_32' title='bbox 1088 486 1191 525; x_wconf 81' lang='lat' dir='ltr'>erat</span> <span class='ocrx_word' id='word_1_33' title='bbox 1234 471 1528 525; x_wconf 75' lang='lat' dir='ltr'>elucubrato</span> 
     </span>
     <span class='ocr_line' id='line_1_6' title="bbox 215 547 1527 617; baseline 0 -17"><span class='ocrx_word' id='word_1_34' title='bbox 215 549 481 615; x_wconf 83' lang='lat' dir='ltr'>systematis</span> <span class='ocrx_word' id='word_1_35' title='bbox 524 547 761 600; x_wconf 79' lang='lat' dir='ltr'>incubatu</span> <span class='ocrx_word' id='word_1_36' title='bbox 787 591 800 613; x_wconf 91' lang='lat'>,</span> <span class='ocrx_word' id='word_1_37' title='bbox 860 548 945 600; x_wconf 85' lang='lat' dir='ltr'>sed</span> <span class='ocrx_word' id='word_1_38' title='bbox 977 548 1385 615; x_wconf 60' lang='lat' dir='ltr'>solopculorum</span> <span class='ocrx_word' id='word_1_39' title='bbox 1418 551 1527 617; x_wconf 82' lang='lat' dir='ltr'>usu,</span> 
     </span>
     <span class='ocr_line' id='line_1_7' title="bbox 215 624 1527 694; baseline 0.002 -17"><span class='ocrx_word' id='word_1_40' title='bbox 215 624 323 677; x_wconf 84' lang='lat' dir='ltr'>solo</span> <span class='ocrx_word' id='word_1_41' title='bbox 345 624 612 677; x_wconf 85' lang='lat' dir='ltr'>inevitabili</span> <span class='ocrx_word' id='word_1_42' title='bbox 644 644 708 676; x_wconf 73' lang='lat' dir='ltr'>ex</span> <span class='ocrx_word' id='word_1_43' title='bbox 740 629 1038 694; x_wconf 79' lang='lat' dir='ltr'>comparatis</span> <span class='ocrx_word' id='word_1_44' title='bbox 1072 626 1195 679; x_wconf 85' lang='lat' dir='ltr'>ideis</span> <span class='ocrx_word' id='word_1_45' title='bbox 1217 627 1435 692; x_wconf 83' lang='lat' dir='ltr'>judicio3</span> <span class='ocrx_word' id='word_1_46' title='bbox 1475 641 1527 679; x_wconf 85' lang='lat' dir='ltr'>et</span> 
     </span>
     <span class='ocr_line' id='line_1_8' title="bbox 212 701 1528 764; baseline 0.001 -11"><span class='ocrx_word' id='word_1_47' title='bbox 212 719 346 753; x_wconf 87' lang='lat' dir='ltr'>nunc</span> <span class='ocrx_word' id='word_1_48' title='bbox 369 702 606 754; x_wconf 81' lang='lat' dir='ltr'>offeratur</span> <span class='ocrx_word' id='word_1_49' title='bbox 629 701 698 753; x_wconf 85' lang='lat' dir='ltr'>illi</span> <span class='ocrx_word' id='word_1_50' title='bbox 732 720 909 754; x_wconf 82' lang='lat' dir='ltr'>aurum</span> <span class='ocrx_word' id='word_1_51' title='bbox 931 707 1148 764; x_wconf 71' lang='lat' dir='ltr'>nativum,</span> <span class='ocrx_word' id='word_1_52' title='bbox 1184 715 1233 754; x_wconf 88' lang='lat' dir='ltr'>et</span> <span class='ocrx_word' id='word_1_53' title='bbox 1257 707 1422 753; x_wconf 75' lang='lat' dir='ltr'>minem</span> <span class='ocrx_word' id='word_1_54' title='bbox 1445 723 1528 754; x_wconf 65' lang='lat' dir='ltr'>aza-</span> 
     </span>
     <span class='ocr_line' id='line_1_9' title="bbox 213 777 1528 849; baseline 0.002 -21"><span class='ocrx_word' id='word_1_55' title='bbox 213 777 376 848; x_wconf 64' lang='lat' dir='ltr'>riser-a,</span> <span class='ocrx_word' id='word_1_56' title='bbox 399 797 572 843; x_wconf 60' lang='lat' dir='ltr'>cervus</span> <span class='ocrx_word' id='word_1_57' title='bbox 599 779 771 847; x_wconf 63' lang='lat' dir='ltr'>elaplzus</span> <span class='ocrx_word' id='word_1_58' title='bbox 793 793 842 832; x_wconf 87' lang='lat' dir='ltr'>et</span> <span class='ocrx_word' id='word_1_59' title='bbox 870 781 1105 839; x_wconf 67' lang='lat' dir='ltr'>turandus,</span> <span class='ocrx_word' id='word_1_60' title='bbox 1135 778 1278 832; x_wconf 75' lang='lat' dir='ltr'>salvia</span> <span class='ocrx_word' id='word_1_61' title='bbox 1299 782 1528 849; x_wconf 75' lang='lat' dir='ltr'>officinalis</span> 
     </span>
     <span class='ocr_line' id='line_1_10' title="bbox 213 853 1528 925; baseline 0.001 -18"><span class='ocrx_word' id='word_1_62' title='bbox 213 867 263 907; x_wconf 91' lang='lat' dir='ltr'>et</span> <span class='ocrx_word' id='word_1_63' title='bbox 279 853 504 925; x_wconf 72' lang='lat' dir='ltr'><em>glutinosa</em></span> <span class='ocrx_word' id='word_1_64' title='bbox 520 897 530 916; x_wconf 84' lang='lat'>‚</span> <span class='ocrx_word' id='word_1_65' title='bbox 551 875 611 910; x_wconf 84' lang='lat' dir='ltr'>an</span> <span class='ocrx_word' id='word_1_66' title='bbox 635 855 762 908; x_wconf 88' lang='lat' dir='ltr'>bene</span> <span class='ocrx_word' id='word_1_67' title='bbox 784 875 961 910; x_wconf 82' lang='lat' dir='ltr'>aurum</span> <span class='ocrx_word' id='word_1_68' title='bbox 986 860 1207 909; x_wconf 85' lang='lat' dir='ltr'>nativum</span> <span class='ocrx_word' id='word_1_69' title='bbox 1229 875 1348 909; x_wconf 88' lang='lat' dir='ltr'>cum</span> <span class='ocrx_word' id='word_1_70' title='bbox 1370 861 1528 909; x_wconf 84' lang='lat' dir='ltr'>mine-</span> 
     </span>
     <span class='ocr_line' id='line_1_11' title="bbox 211 930 1528 1002; baseline 0.002 -19"><span class='ocrx_word' id='word_1_71' title='bbox 211 949 263 984; x_wconf 81' lang='lat' dir='ltr'>ra</span> <span class='ocrx_word' id='word_1_72' title='bbox 290 930 498 985; x_wconf 84' lang='lat' dir='ltr'>aurifera</span> <span class='ocrx_word' id='word_1_73' title='bbox 519 937 569 985; x_wconf 90' lang='lat' dir='ltr'>in</span> <span class='ocrx_word' id='word_1_74' title='bbox 591 952 801 1002; x_wconf 89' lang='lat' dir='ltr'>regnum</span> <span class='ocrx_word' id='word_1_75' title='bbox 823 932 1010 986; x_wconf 83' lang='lat' dir='ltr'>foffile?</span> <span class='ocrx_word' id='word_1_76' title='bbox 1049 952 1109 986; x_wconf 80' lang='lat' dir='ltr'>an</span> <span class='ocrx_word' id='word_1_77' title='bbox 1132 937 1182 985; x_wconf 85' lang='lat' dir='ltr'>in</span> <span class='ocrx_word' id='word_1_78' title='bbox 1202 933 1397 986; x_wconf 75' lang='lat' dir='ltr'>classem</span> <span class='ocrx_word' id='word_1_79' title='bbox 1421 953 1528 987; x_wconf 85' lang='lat' dir='ltr'>me-</span> 
     </span>
     <span class='ocr_line' id='line_1_12' title="bbox 210 1007 1527 1080; baseline 0.003 -20"><span class='ocrx_word' id='word_1_80' title='bbox 210 1007 463 1077; x_wconf 84' lang='lat' dir='ltr'>tallorum,</span> <span class='ocrx_word' id='word_1_81' title='bbox 487 1028 547 1062; x_wconf 87' lang='lat' dir='ltr'>an</span> <span class='ocrx_word' id='word_1_82' title='bbox 570 1014 620 1062; x_wconf 89' lang='lat' dir='ltr'>in</span> <span class='ocrx_word' id='word_1_83' title='bbox 640 1014 742 1062; x_wconf 89' lang='lat' dir='ltr'>auri</span> <span class='ocrx_word' id='word_1_84' title='bbox 757 1029 912 1079; x_wconf 80' lang='lat' dir='ltr'>genus</span> <span class='ocrx_word' id='word_1_85' title='bbox 933 1010 1200 1080; x_wconf 74' lang='lat' dir='ltr'>relegabit?</span> <span class='ocrx_word' id='word_1_86' title='bbox 1240 1029 1300 1063; x_wconf 88' lang='lat' dir='ltr'>an</span> <span class='ocrx_word' id='word_1_87' title='bbox 1321 1030 1527 1064; x_wconf 87' lang='lat' dir='ltr'>cervum</span> 
     </span>
     <span class='ocr_line' id='line_1_13' title="bbox 211 1085 1527 1157; baseline 0.002 -20"><span class='ocrx_word' id='word_1_88' title='bbox 211 1085 477 1155; x_wconf 76' lang='lat' dir='ltr'>elaphum,</span> <span class='ocrx_word' id='word_1_89' title='bbox 502 1100 551 1139; x_wconf 88' lang='lat' dir='ltr'>et</span> <span class='ocrx_word' id='word_1_90' title='bbox 570 1089 833 1139; x_wconf 69' lang='lat' dir='ltr'>taranr’ium</span> <span class='ocrx_word' id='word_1_91' title='bbox 855 1087 1052 1140; x_wconf 81' lang='lat' dir='ltr'>animali</span> <span class='ocrx_word' id='word_1_92' title='bbox 1073 1106 1257 1156; x_wconf 86' lang='lat' dir='ltr'>regno,</span> <span class='ocrx_word' id='word_1_93' title='bbox 1282 1087 1412 1140; x_wconf 73' lang='lat' dir='ltr'>clasii</span> <span class='ocrx_word' id='word_1_94' title='bbox 1439 1106 1527 1157; x_wconf 87' lang='lat' dir='ltr'>pe-</span> 
     </span>
     <span class='ocr_line' id='line_1_14' title="bbox 210 1164 1525 1232; baseline 0.003 -19"><span class='ocrx_word' id='word_1_95' title='bbox 210 1180 417 1228; x_wconf 88' lang='lat' dir='ltr'>corum,</span> <span class='ocrx_word' id='word_1_96' title='bbox 449 1169 618 1232; x_wconf 79' lang='lat' dir='ltr'>generi</span> <span class='ocrx_word' id='word_1_97' title='bbox 649 1169 778 1216; x_wconf 83' lang='lat' dir='ltr'>cervi</span> <span class='ocrx_word' id='word_1_98' title='bbox 813 1164 1073 1217; x_wconf 80' lang='lat' dir='ltr'>inscribet?</span> <span class='ocrx_word' id='word_1_99' title='bbox 1113 1183 1174 1216; x_wconf 90' lang='lat' dir='ltr'>an</span> <span class='ocrx_word' id='word_1_100' title='bbox 1199 1164 1408 1217; x_wconf 79' lang='lat' dir='ltr'>Salviam</span> <span class='ocrx_word' id='word_1_101' title='bbox 1441 1184 1525 1217; x_wconf 88' lang='lat' dir='ltr'>ve·-</span> 
     </span>
     <span class='ocr_line' id='line_1_15' title="bbox 210 1238 1526 1309; baseline 0.003 -19"><span class='ocrx_word' id='word_1_102' title='bbox 210 1238 412 1307; x_wconf 79' lang='lat' dir='ltr'>getabili</span> <span class='ocrx_word' id='word_1_103' title='bbox 445 1239 621 1291; x_wconf 88' lang='lat' dir='ltr'>inferet</span> <span class='ocrx_word' id='word_1_104' title='bbox 653 1260 837 1308; x_wconf 69' lang='lat' dir='ltr'>regim,</span> <span class='ocrx_word' id='word_1_105' title='bbox 872 1243 1199 1293; x_wconf 80' lang='lat' dir='ltr'>consentienti</span> <span class='ocrx_word' id='word_1_106' title='bbox 1223 1245 1526 1309; x_wconf 83' lang='lat' dir='ltr'>ringentium</span> 
     </span>
     <span class='ocr_line' id='line_1_16' title="bbox 209 1315 1524 1387; baseline 0.003 -20"><span class='ocrx_word' id='word_1_107' title='bbox 209 1315 367 1383; x_wconf 77' lang='lat' dir='ltr'>claffi,</span> <span class='ocrx_word' id='word_1_108' title='bbox 407 1330 493 1368; x_wconf 81' lang='lat' dir='ltr'>aut</span> <span class='ocrx_word' id='word_1_109' title='bbox 525 1317 655 1369; x_wconf 83' lang='lat' dir='ltr'>claffi</span> <span class='ocrx_word' id='word_1_110' title='bbox 683 1322 991 1385; x_wconf 77' lang='lat' dir='ltr'>graminum,</span> <span class='ocrx_word' id='word_1_111' title='bbox 1049 1336 1111 1369; x_wconf 81' lang='lat' dir='ltr'>an</span> <span class='ocrx_word' id='word_1_112' title='bbox 1144 1317 1321 1370; x_wconf 83' lang='lat' dir='ltr'>inferet</span> <span class='ocrx_word' id='word_1_113' title='bbox 1356 1322 1524 1387; x_wconf 81' lang='lat' dir='ltr'>potius</span> 
     </span>
     <span class='ocr_line' id='line_1_17' title="bbox 210 1392 1525 1462; baseline 0.002 -18"><span class='ocrx_word' id='word_1_114' title='bbox 210 1392 394 1445; x_wconf 80' lang='lat' dir='ltr'>Salviae</span> <span class='ocrx_word' id='word_1_115' title='bbox 419 1397 614 1462; x_wconf 82' lang='lat' dir='ltr'>generi,</span> <span class='ocrx_word' id='word_1_116' title='bbox 634 1409 719 1446; x_wconf 81' lang='lat' dir='ltr'>aut</span> <span class='ocrx_word' id='word_1_117' title='bbox 743 1395 869 1447; x_wconf 88' lang='lat' dir='ltr'>bene</span> <span class='ocrx_word' id='word_1_118' title='bbox 892 1393 1137 1462; x_wconf 84' lang='lat' dir='ltr'>Syfimbrii</span> <span class='ocrx_word' id='word_1_119' title='bbox 1155 1437 1168 1461; x_wconf 92' lang='lat'>,</span> <span class='ocrx_word' id='word_1_120' title='bbox 1193 1408 1278 1446; x_wconf 84' lang='lat' dir='ltr'>aut</span> <span class='ocrx_word' id='word_1_121' title='bbox 1297 1396 1525 1448; x_wconf 80' lang='lat' dir='ltr'>Anemo-</span> 
     </span>
     <span class='ocr_line' id='line_1_18' title="bbox 210 1470 1523 1540; baseline 0.002 -19"><span class='ocrx_word' id='word_1_122' title='bbox 210 1487 294 1521; x_wconf 76' lang='lat' dir='ltr'>nes</span> <span class='ocrx_word' id='word_1_123' title='bbox 308 1512 321 1537; x_wconf 91' lang='lat'>,</span> <span class='ocrx_word' id='word_1_124' title='bbox 340 1484 424 1522; x_wconf 87' lang='lat' dir='ltr'>aut</span> <span class='ocrx_word' id='word_1_125' title='bbox 446 1472 654 1540; x_wconf 87' lang='lat' dir='ltr'>Ligustri</span> <span class='ocrx_word' id='word_1_126' title='bbox 668 1515 682 1539; x_wconf 88' lang='lat'>,</span> <span class='ocrx_word' id='word_1_127' title='bbox 702 1485 787 1524; x_wconf 83' lang='lat' dir='ltr'>aut</span> <span class='ocrx_word' id='word_1_128' title='bbox 811 1473 1021 1524; x_wconf 86' lang='lat' dir='ltr'>demum</span> <span class='ocrx_word' id='word_1_129' title='bbox 1042 1470 1317 1524; x_wconf 81' lang='lat' dir='ltr'>Linnaeae?</span> <span class='ocrx_word' id='word_1_130' title='bbox 1353 1475 1418 1523; x_wconf 83' lang='lat' dir='ltr'>ita</span> <span class='ocrx_word' id='word_1_131' title='bbox 1452 1476 1523 1524; x_wconf 89' lang='lat' dir='ltr'>ni-</span> 
     </span>
     <span class='ocr_line' id='line_1_19' title="bbox 208 1548 1522 1620; baseline 0.002 -22"><span class='ocrx_word' id='word_1_132' title='bbox 208 1551 303 1599; x_wconf 83' lang='lat' dir='ltr'>mis</span> <span class='ocrx_word' id='word_1_133' title='bbox 343 1565 528 1616; x_wconf 82' lang='lat' dir='ltr'>cogens</span> <span class='ocrx_word' id='word_1_134' title='bbox 566 1550 673 1615; x_wconf 85' lang='lat' dir='ltr'>est,</span> <span class='ocrx_word' id='word_1_135' title='bbox 722 1550 860 1620; x_wconf 86' lang='lat' dir='ltr'>quod</span> <span class='ocrx_word' id='word_1_136' title='bbox 892 1548 1177 1601; x_wconf 71' lang='lat' dir='ltr'>clarissimus</span> <span class='ocrx_word' id='word_1_137' title='bbox 1213 1565 1307 1617; x_wconf 85' lang='lat' dir='ltr'>pro</span> <span class='ocrx_word' id='word_1_138' title='bbox 1345 1548 1522 1602; x_wconf 85' lang='lat' dir='ltr'>funda-</span> 
     </span>
     <span class='ocr_line' id='line_1_20' title="bbox 207 1623 1522 1695; baseline 0.002 -20"><span class='ocrx_word' id='word_1_139' title='bbox 207 1623 411 1676; x_wconf 83' lang='lat' dir='ltr'>mentali</span> <span class='ocrx_word' id='word_1_140' title='bbox 443 1626 673 1677; x_wconf 86' lang='lat' dir='ltr'>methodi</span> <span class='ocrx_word' id='word_1_141' title='bbox 713 1628 827 1679; x_wconf 73' lang='lat' dir='ltr'>luae</span> <span class='ocrx_word' id='word_1_142' title='bbox 859 1626 1020 1695; x_wconf 81' lang='lat' dir='ltr'>lapide</span> <span class='ocrx_word' id='word_1_143' title='bbox 1042 1624 1287 1694; x_wconf 82' lang='lat' dir='ltr'>affumpfit</span> <span class='ocrx_word' id='word_1_144' title='bbox 1326 1630 1359 1677; x_wconf 91' lang='lat' dir='ltr'>P</span> <span class='ocrx_word' id='word_1_145' title='bbox 1377 1646 1407 1677; x_wconf 85' lang='lat' dir='ltr'>R</span> <span class='ocrx_word' id='word_1_146' title='bbox 1424 1646 1451 1678; x_wconf 84' lang='lat' dir='ltr'>A</span> <span class='ocrx_word' id='word_1_147' title='bbox 1469 1646 1522 1678; x_wconf 82' lang='lat' dir='ltr'>E-</span> 
     </span>
     <span class='ocr_line' id='line_1_21' title="bbox 209 1701 1521 1769; baseline -0.001 -14"><span class='ocrx_word' id='word_1_148' title='bbox 209 1721 240 1755; x_wconf 79' lang='lat' dir='ltr'>c</span> <span class='ocrx_word' id='word_1_149' title='bbox 259 1720 285 1751; x_wconf 82' lang='lat' dir='ltr'>E</span> <span class='ocrx_word' id='word_1_150' title='bbox 302 1721 326 1752; x_wconf 83' lang='lat' dir='ltr'>P</span> <span class='ocrx_word' id='word_1_151' title='bbox 349 1721 378 1752; x_wconf 86' lang='lat' dir='ltr'>T</span> <span class='ocrx_word' id='word_1_152' title='bbox 398 1720 428 1750; x_wconf 95' lang='lat' dir='ltr'>o</span> <span class='ocrx_word' id='word_1_153' title='bbox 448 1721 476 1752; x_wconf 84' lang='lat' dir='ltr'>R</span> <span class='ocrx_word' id='word_1_154' title='bbox 513 1707 712 1754; x_wconf 80' lang='lat' dir='ltr'>axioma</span> <span class='ocrx_word' id='word_1_155' title='bbox 767 1716 1025 1769; x_wconf 82' lang='lat' dir='ltr'>„naturam</span> <span class='ocrx_word' id='word_1_156' title='bbox 1060 1701 1206 1758; x_wconf 77' lang='lat' dir='ltr'>rebus</span> <span class='ocrx_word' id='word_1_157' title='bbox 1239 1707 1413 1756; x_wconf 81' lang='lat' dir='ltr'>creatis</span> <span class='ocrx_word' id='word_1_158' title='bbox 1447 1706 1521 1755; x_wconf 90' lang='lat' dir='ltr'>in-</span> 
     </span>
     <span class='ocr_line' id='line_1_22' title="bbox 174 1778 1520 1847; baseline 0.002 -18"><span class='ocrx_word' id='word_1_159' title='bbox 174 1802 178 1809; x_wconf 91' lang='lat'>·</span> <span class='ocrx_word' id='word_1_160' title='bbox 205 1778 484 1847; x_wconf 69' lang='lat' dir='ltr'>„generasse</span> <span class='ocrx_word' id='word_1_161' title='bbox 506 1778 757 1846; x_wconf 81' lang='lat' dir='ltr'>habitum,</span> <span class='ocrx_word' id='word_1_162' title='bbox 787 1779 1050 1834; x_wconf 84' lang='lat' dir='ltr'>botanicos</span> <span class='ocrx_word' id='word_1_163' title='bbox 1083 1779 1303 1832; x_wconf 89' lang='lat' dir='ltr'>eundem</span> <span class='ocrx_word' id='word_1_164' title='bbox 1324 1782 1420 1833; x_wconf 84' lang='lat' dir='ltr'>suis</span> <span class='ocrx_word' id='word_1_165' title='bbox 1445 1799 1520 1832; x_wconf 77' lang='lat' dir='ltr'>ar-</span> 
     </span>
     <span class='ocr_line' id='line_1_23' title="bbox 204 1854 1520 1924; baseline 0.004 -20"><span class='ocrx_word' id='word_1_166' title='bbox 204 1854 456 1921; x_wconf 74' lang='lat' dir='ltr'>„titiciofis</span> <span class='ocrx_word' id='word_1_167' title='bbox 489 1855 825 1924; x_wconf 63' lang='lat' dir='ltr'>[yslematibus</span> <span class='ocrx_word' id='word_1_168' title='bbox 856 1876 948 1909; x_wconf 85' lang='lat' dir='ltr'>nec</span> <span class='ocrx_word' id='word_1_169' title='bbox 983 1856 1191 1923; x_wconf 55' lang='lat' dir='ltr'>faceres</span> <span class='ocrx_word' id='word_1_170' title='bbox 1212 1876 1305 1910; x_wconf 91' lang='lat' dir='ltr'>nec</span> <span class='ocrx_word' id='word_1_171' title='bbox 1329 1858 1520 1910; x_wconf 88' lang='lat' dir='ltr'>annihi-</span> 
     </span>
     <span class='ocr_line' id='line_1_24' title="bbox 202 1931 1518 2001; baseline 0.003 -19"><span class='ocrx_word' id='word_1_172' title='bbox 202 1931 337 1999; x_wconf 83' lang='lat' dir='ltr'>„lare</span> <span class='ocrx_word' id='word_1_173' title='bbox 358 1932 522 2001; x_wconf 75' lang='lat' dir='ltr'>poss‘e,</span> <span class='ocrx_word' id='word_1_174' title='bbox 557 1934 691 1986; x_wconf 88' lang='lat' dir='ltr'>hunc</span> <span class='ocrx_word' id='word_1_175' title='bbox 716 1934 875 1987; x_wconf 79' lang='lat' dir='ltr'>nostra</span> <span class='ocrx_word' id='word_1_176' title='bbox 899 1937 1051 1987; x_wconf 86' lang='lat' dir='ltr'>etiam</span> <span class='ocrx_word' id='word_1_177' title='bbox 1078 1934 1323 1986; x_wconf 80' lang='lat' dir='ltr'>diffentire</span> <span class='ocrx_word' id='word_1_178' title='bbox 1346 1934 1518 1987; x_wconf 88' lang='lat' dir='ltr'>volen-</span> 
     </span>
     <span class='ocr_line' id='line_1_25' title="bbox 202 2010 1516 2080; baseline 0.002 -20"><span class='ocrx_word' id='word_1_179' title='bbox 202 2012 304 2075; x_wconf 76' lang='lat' dir='ltr'>„tia</span> <span class='ocrx_word' id='word_1_180' title='bbox 337 2010 518 2076; x_wconf 81' lang='lat' dir='ltr'>judicia</span> <span class='ocrx_word' id='word_1_181' title='bbox 550 2030 861 2080; x_wconf 82' lang='lat' dir='ltr'>expugnare,</span> <span class='ocrx_word' id='word_1_182' title='bbox 900 2011 1036 2064; x_wconf 90' lang='lat' dir='ltr'>hunc</span> <span class='ocrx_word' id='word_1_183' title='bbox 1065 2015 1278 2080; x_wconf 80' lang='lat' dir='ltr'>primam</span> <span class='ocrx_word' id='word_1_184' title='bbox 1298 2012 1516 2063; x_wconf 74' lang='lat' dir='ltr'>nostram</span> 
     </span>
     <span class='ocr_line' id='line_1_26' title="bbox 202 2085 1515 2158; baseline 0.005 -22"><span class='ocrx_word' id='word_1_185' title='bbox 202 2089 287 2151; x_wconf 86' lang='lat' dir='ltr'>„in</span> <span class='ocrx_word' id='word_1_186' title='bbox 309 2085 508 2139; x_wconf 83' lang='lat' dir='ltr'>historia</span> <span class='ocrx_word' id='word_1_187' title='bbox 539 2088 749 2140; x_wconf 76' lang='lat' dir='ltr'>naturali</span> <span class='ocrx_word' id='word_1_188' title='bbox 778 2088 942 2141; x_wconf 81' lang='lat' dir='ltr'>facem</span> <span class='ocrx_word' id='word_1_189' title='bbox 973 2088 1098 2155; x_wconf 80' lang='lat' dir='ltr'>effe,</span> <span class='ocrx_word' id='word_1_190' title='bbox 1138 2088 1275 2140; x_wconf 81' lang='lat' dir='ltr'>hunc</span> <span class='ocrx_word' id='word_1_191' title='bbox 1304 2092 1515 2158; x_wconf 83' lang='lat' dir='ltr'>primam</span> 
     </span>
     <span class='ocr_line' id='line_1_27' title="bbox 201 2162 1513 2237; baseline 0.003 -23"><span class='ocrx_word' id='word_1_192' title='bbox 201 2162 390 2228; x_wconf 81' lang='lat' dir='ltr'>„solam</span> <span class='ocrx_word' id='word_1_193' title='bbox 413 2178 461 2216; x_wconf 87' lang='lat' dir='ltr'>et</span> <span class='ocrx_word' id='word_1_194' title='bbox 485 2163 758 2233; x_wconf 79' lang='lat' dir='ltr'>simplicem</span> <span class='ocrx_word' id='word_1_195' title='bbox 780 2166 873 2219; x_wconf 81' lang='lat' dir='ltr'>effe</span> <span class='ocrx_word' id='word_1_196' title='bbox 897 2181 1126 2232; x_wconf 72' lang='lat' dir='ltr'>naturae,</span> <span class='ocrx_word' id='word_1_197' title='bbox 1166 2183 1263 2237; x_wconf 85' lang='lat' dir='ltr'>qua</span> <span class='ocrx_word' id='word_1_198' title='bbox 1287 2184 1344 2217; x_wconf 87' lang='lat' dir='ltr'>ea</span> <span class='ocrx_word' id='word_1_199' title='bbox 1367 2165 1513 2218; x_wconf 76' lang='lat' dir='ltr'>nobis</span> 
     </span>
     <span class='ocr_line' id='line_1_28' title="bbox 200 2238 1514 2313; baseline 0.004 -23"><span class='ocrx_word' id='word_1_200' title='bbox 200 2238 484 2311; x_wconf 79' lang='lat' dir='ltr'>„loquatur,</span> <span class='ocrx_word' id='word_1_201' title='bbox 508 2259 735 2310; x_wconf 87' lang='lat' dir='ltr'>vocem„</span> <span class='ocrx_word' id='word_1_202' title='bbox 778 2246 840 2294; x_wconf 72' lang='lat' dir='ltr'>de</span> <span class='ocrx_word' id='word_1_203' title='bbox 863 2241 1043 2313; x_wconf 82' lang='lat' dir='ltr'>quibus</span> <span class='ocrx_word' id='word_1_204' title='bbox 1070 2242 1305 2295; x_wconf 77' lang='lat' dir='ltr'>omnibus</span> <span class='ocrx_word' id='word_1_205' title='bbox 1329 2247 1514 2296; x_wconf 82' lang='lat' dir='ltr'>iteruin</span> 
     </span>
     <span class='ocr_line' id='line_1_29' title="bbox 200 2316 1513 2389; baseline 0.004 -22"><span class='ocrx_word' id='word_1_206' title='bbox 200 2316 391 2368; x_wconf 82' lang='lat' dir='ltr'>laudata</span> <span class='ocrx_word' id='word_1_207' title='bbox 413 2319 782 2371; x_wconf 84' lang='lat' dir='ltr'>Institutionum</span> <span class='ocrx_word' id='word_1_208' title='bbox 802 2317 1043 2371; x_wconf 82' lang='lat' dir='ltr'>Praefatio</span> <span class='ocrx_word' id='word_1_209' title='bbox 1065 2320 1161 2387; x_wconf 84' lang='lat' dir='ltr'>legi</span> <span class='ocrx_word' id='word_1_210' title='bbox 1184 2321 1360 2389; x_wconf 88' lang='lat' dir='ltr'>potest,</span> <span class='ocrx_word' id='word_1_211' title='bbox 1388 2321 1513 2374; x_wconf 89' lang='lat' dir='ltr'>dum</span> 
     </span>
     <span class='ocr_line' id='line_1_30' title="bbox 197 2383 1512 2468; baseline 0.004 -24"><span class='ocrx_word' id='word_1_212' title='bbox 197 2411 294 2461; x_wconf 88' lang='lat' dir='ltr'>ego</span> <span class='ocrx_word' id='word_1_213' title='bbox 327 2383 620 2467; x_wconf 77' lang='lat' dir='ltr'>a&#39;rgumenta</span> <span class='ocrx_word' id='word_1_214' title='bbox 649 2396 908 2450; x_wconf 79' lang='lat' dir='ltr'>contraho.</span> <span class='ocrx_word' id='word_1_215' title='bbox 987 2401 1035 2448; x_wconf 89' lang='lat' dir='ltr'>Si</span> <span class='ocrx_word' id='word_1_216' title='bbox 1065 2400 1217 2465; x_wconf 86' lang='lat' dir='ltr'>igitur</span> <span class='ocrx_word' id='word_1_217' title='bbox 1250 2396 1383 2463; x_wconf 87' lang='lat' dir='ltr'>s010,</span> <span class='ocrx_word' id='word_1_218' title='bbox 1426 2400 1512 2468; x_wconf 91' lang='lat' dir='ltr'>qui</span> 
     </span>
     <span class='ocr_line' id='line_1_31' title="bbox 195 2472 1511 2540; baseline 0.005 -19"><span class='ocrx_word' id='word_1_219' title='bbox 195 2473 508 2538; x_wconf 79' lang='lat' dir='ltr'>ingeneratus</span> <span class='ocrx_word' id='word_1_220' title='bbox 533 2490 557 2524; x_wconf 84' lang='lat' dir='ltr'>a</span> <span class='ocrx_word' id='word_1_221' title='bbox 578 2486 750 2526; x_wconf 81' lang='lat' dir='ltr'>natura</span> <span class='ocrx_word' id='word_1_222' title='bbox 774 2475 841 2527; x_wconf 83' lang='lat' dir='ltr'>est</span> <span class='ocrx_word' id='word_1_223' title='bbox 862 2472 1009 2526; x_wconf 84' lang='lat' dir='ltr'>rebus</span> <span class='ocrx_word' id='word_1_224' title='bbox 1032 2473 1205 2526; x_wconf 84' lang='lat' dir='ltr'>habitu</span> <span class='ocrx_word' id='word_1_225' title='bbox 1224 2516 1237 2540; x_wconf 92' lang='lat'>,</span> <span class='ocrx_word' id='word_1_226' title='bbox 1267 2473 1399 2526; x_wconf 88' lang='lat' dir='ltr'>nulla</span> <span class='ocrx_word' id='word_1_227' title='bbox 1420 2474 1511 2527; x_wconf 84' lang='lat' dir='ltr'>alia</span> 
     </span>
    </p>
   </div>
   <div class='ocr_carea' id='block_1_3' title="bbox 195 2548 1512 2681">
    <p class='ocr_par' dir='ltr' id='par_1_3' title="bbox 195 2548 1512 2681">
     <span class='ocr_line' id='line_1_32' title="bbox 195 2548 1512 2678; baseline 0.004 -79"><span class='ocrx_word' id='word_1_228' title='bbox 195 2548 422 2617; x_wconf 81' lang='lat' dir='ltr'>scientia,</span> <span class='ocrx_word' id='word_1_229' title='bbox 471 2548 612 2602; x_wconf 87' lang='lat' dir='ltr'>nullo</span> <span class='ocrx_word' id='word_1_230' title='bbox 661 2550 759 2603; x_wconf 80' lang='lat' dir='ltr'>alio</span> <span class='ocrx_word' id='word_1_231' title='bbox 800 2550 1070 2604; x_wconf 75' lang='lat' dir='ltr'>famulante</span> <span class='ocrx_word' id='word_1_232' title='bbox 1104 2552 1512 2678; x_wconf 53' lang='lat' dir='ltr'>iyiietnate,›agt</span> 
     </span>
     <span class='ocr_line' id='line_1_33' title="bbox 218 2629 1509 2681; baseline 0.003 -5"><span class='ocrx_word' id='word_1_233' title='bbox 218 2650 220 2653; x_wconf 92' lang='lat'>·</span> <span class='ocrx_word' id='word_1_234' title='bbox 1397 2629 1451 2681; x_wconf 90' lang='lat' dir='ltr'>su</span> <span class='ocrx_word' id='word_1_235' title='bbox 1489 2656 1509 2668; x_wconf 85' lang='lat'><strong>·</strong></span> 
     </span>
    </p>
   </div>
  </div>
 </body>
</html>
