1670 2881
207 135 244 185 6
425 152 1287 189 PRIMAELINEAE

211 261 415 319 mentia,
455 259 534 313 illa
567 260 890 330 discrepantia
920 260 1124 315 afferere
1155 280 1219 314 ex
1241 256 1416 314 habitu
1436 259 1522 313 ab-

211 335 370 389 solute
402 338 750 397 necessitatum
790 350 846 389 ut
876 340 1028 405 igitur
1056 342 1203 392 nimis
1235 339 1436 392 evidens
1466 336 1523 388 fit

212 418 420 465 omnem
443 433 613 467 rerum
636 427 916 466 creatarum
941 418 1302 482 cognitionem,
1325 413 1524 468 metho-

211 490 377 542 dicam
406 509 613 543 omnem
641 490 820 542 harum
853 489 1226 560 dispositionem
1247 505 1332 545 aut
1362 495 1413 544 in
1433 508 1523 543 no-

211 565 284 619 bis
313 570 412 634 J’am
437 587 500 620 ex
522 567 722 619 infantia
749 579 938 633 ortam,
980 580 1139 620 aetate
1170 568 1523 638 progrediente

210 644 506 697 nascendam
538 663 602 696 ex
629 642 804 696 habitu
833 643 1096 713 subrepere
1127 647 1178 696 in
1198 646 1383 697 eodem
1405 663 1526 698 con-

211 722 425 787 firmari,
457 734 508 772 et
540 722 690 781 stare3
741 739 861 774 cum
893 725 1027 773 enim
1058 724 1223 775 omnis
1257 735 1419 775 creata
1447 740 1525 774 res

212 800 349 850 luam
380 797 600 851 formam
622 797 827 865 habeat,
867 801 1099 851 omnium
1130 817 1301 852 rerum
1331 797 1526 851 formae

211 872 568 941 fimilitudinis,
605 888 690 927 aut
724 875 1126 928 diffimilitudinis
1156 873 1435 935 absolutam
1463 875 1526 928 ab

211 951 466 1004 adorando
501 955 742 1005 Creatore
783 952 859 1005 hjs
901 956 1239 1022 ingeneratam
1273 953 1528 1005 neceffita-

210 1042 343 1095 tem,
365 1030 458 1081 hac
482 1047 509 1081 a
530 1028 674 1082 nobis
701 1030 1005 1097 hauriantur,
1030 1030 1228 1083 haustae
1252 1033 1529 1099 percipian-

209 1118 318 1170 tur,
341 1119 604 1175 perceptae
635 1108 773 1160 suam
795 1120 881 1159 aut
901 1105 1275 1160 similitudinem
1294 1120 1379 1159 aut
1401 1106 1530 1158 dissi-

210 1182 549 1234 militudincm
580 1187 772 1235 animae
805 1183 943 1236 brevi
964 1182 1285 1253 patefaciant,
1320 1199 1370 1235 et
1393 1196 1530 1252 pate-

209 1258 390 1311 faciant
431 1277 590 1327 puero
627 1260 811 1312 rustico
845 1260 979 1312 'adeo
1013 1259 1142 1311 bene
1182 1278 1239 1312 ac
1271 1259 1528 1327 botanic0,

210 1333 607 1407 propositionem
660 1335 973 1406 probandam
1017 1335 1283 1408 plusquam
1321 1337 1530 1388 demon-

212 1415 411 1465 stratam
441 1430 583 1479 reor,
622 1412 809 1466 scilicet
834 1413 1137 1467 methodum
1158 1432 1222 1465 ex
1243 1412 1415 1466 habitu
1444 1414 1530 1466 de-

213 1492 463 1559 sumptam
495 1490 640 1543 nobis
671 1489 960 1543 facillimam
993 1490 1117 1556 effe,
1148 1503 1198 1542 et
1219 1493 1319 1556 jam
1343 1508 1370 1543 a
1395 1503 1530 1543 tene-

214 1571 276 1620 ris
301 1571 437 1620 annis
472 1567 695 1620 haustam
717 1568 793 1620 vel
827 1571 1045 1619 maxime
1077 1567 1379 1635 naturalem,
1418 1586 1532 1620 eam

212 1663 395 1714 nempe
419 1645 633 1696 nostram
646 1648 861 1713 primam
883 1643 1022 1696 fuiffe
1035 1647 1397 1713 cognitionem,
1419 1663 1532 1698 earn

212 1720 476 1775 nobiscum
494 1719 772 1789 adoleviffe,
796 1735 845 1774 et
866 1721 1022 1791 longo
1050 1723 1141 1773 usu
1167 1722 1415 1775 firmatam
1428 1739 1532 1775 ma-

213 1802 285 1869 gis
309 1797 403 1851 effe
431 1797 728 1868 originalem
750 1799 968 1851 nostram
993 1798 1313 1851 methodum.

793 1920 833 1990 ς.
893 1927 952 1975 v.

326 2037 508 2085 Eamus
532 2031 693 2084 modo
719 2031 781 2084 ad
801 2031 1054 2101 exempla:
1095 2050 1155 2084 an
1178 2030 1422 2084 artificiali
1437 2030 1531 2084 bo-

215 2112 380 2162 tanico
402 2109 594 2177 indiget
627 2127 849 2181 unquam
879 2109 1135 2175 systemate
1167 2122 1251 2161 aut
1274 2127 1424 2178 puer,
1444 2121 1531 2161 aut

214 2189 430 2252 juveniS,
465 2198 520 2236 ut
547 2203 762 2254 pomum
797 2203 822 2236 a
853 2196 1005 2254 py'rO,
1034 2203 1061 2237 a
1081 2184 1230 2255 fragis
1261 2187 1422 2238 cerasa
1455 2186 1529 2238 di-

217 2259 455 2331 stinguat?
497 2280 558 2314 an
578 2262 682 2313 hoe
704 2279 831 2331 opus
853 2260 1003 2313 habet
1033 2263 1266 2329 rusticus,
1297 2276 1353 2314 ut
1373 2261 1530 2316 secale

216 2338 274 2392 ab
301 2339 524 2405 hordeO,
547 2357 571 2390 a
594 2337 717 2390 lolio
735 2342 962 2391 triticum
982 2340 1198 2408 separet,
1219 2353 1274 2391 ut
1299 2338 1530 2408 corylum

216 2435 240 2469 a
270 2416 530 2485 iuglande,
568 2414 742 2484 fagum
773 2433 798 2468 a
832 2434 1022 2487 quercu
1054 2415 1388 2469 discriminet?
1428 2417 1530 2469 dici

216 2496 326 2547 {ime
356 2493 522 2546 adhuc
541 2493 729 2544 infinita
763 2491 852 2545 alia
876 2491 1087 2561 pollent.
1167 2493 1263 2545 Sed
1285 2511 1417 2545 nunc
1443 2494 1530 2545 de-

213 2570 446 2624 scendant
469 2572 617 2621 etiam
637 2573 687 2621 in
706 2582 842 2638 prata
866 2581 951 2621 aut
981 2568 1191 2622 hortum
1219 2567 1530 2636 botanicum,

1442 2648 1531 2717 qui
