1670 2881
225 160 285 194 22
447 135 1307 190 PARIMAELINEAE

225 265 445 319 thodum
465 262 585 330 effe,
625 262 709 315 sed
732 261 832 312 dici
852 258 986 329 poffe
1009 256 1286 311 faciliorem
1307 256 1456 326 longe
1486 268 1537 310 et

226 339 573 412 incipientibus
603 338 846 392 botanicis
877 336 1309 403 commodiorem,
1346 348 1402 387 ut
1432 334 1470 403 §.
1492 352 1537 404 5.

229 417 629 475 commonstravi.

758 521 804 591 §.f
875 524 1001 576 xvi.
1034 461 1039 463 4

344 654 467 703 Sunt
483 665 604 701 vero
624 645 790 700 adhuc
808 640 1114 698 inevitabiles
1145 641 1258 697 illae
1277 645 1540 701 difficulta-

230 740 304 779 tes
318 770 332 793 ,
362 744 486 797 quae
506 727 676 777 omnia
704 722 957 791 systemata
979 721 1236 792 hucusque
1258 728 1539 793 excogitata

230 802 369 855 nullo
390 814 606 872 excepto
624 800 947 854 vehementer
968 797 1264 866 convellant,
1285 802 1539 871 dicendae,

231 878 418 933 scilicet
448 882 500 931 in
533 896 636 931 uno
667 877 922 946 systemate
950 878 1001 927 in
1035 874 1178 928 claffe
1197 877 1541 947 irregularium

230 956 505 1026 regulares,
543 959 592 1007 in
614 972 669 1008 ea
701 953 1004 1023 regularium
1033 952 1322 1022 irregulares
1352 954 1542 1008 includi

231 1037 441 1102 StirpeS,
497 1035 547 1085 in
579 1031 764 1099 altem,
811 1034 863 1087 in
893 1029 1033 1082 elaffe
1064 1019 1402 1085 tetandrarum
1431 1050 1541 1084 mo-

229 1111 467 1176 nandraS,
514 1109 740 1162 diandras
772 1107 1012 1160 triandras
1045 1110 1313 1175 contineri,
1355 1108 1449 1161 esse
1469 1122 1541 1161 et-

231 1189 332 1239 iam
351 1187 537 1238 dioicas
562 1199 611 1238 et
630 1188 740 1237 vice
760 1185 918 1237 versa:
950 1187 1010 1236 >in
1029 1187 1196 1249 tertiO,
1234 1188 1284 1236 in
1305 1184 1445 1238 claffe
1467 1191 1542 1237 In-

230 1261 596 1332 eompletarum
628 1260 723 1313 esse
743 1259 1049 1328 CompletaS,
1070 1264 1120 1311 in
1141 1259 1281 1313 class'e
1304 1261 1545 1332 Comple-

229 1353 396 1393 tarum
428 1338 637 1391 aliarum
666 1336 996 1406 Incompletas
1027 1340 1210 1406 Stirpes
1239 1351 1336 1391 etc.
1433 1342 1543 1408 Ego

232 1434 353 1470 vero
374 1416 475 1468 hoc
498 1434 599 1468 non
622 1413 719 1468 alio
740 1432 915 1467 omnes
937 1414 1365 1468 denominationes
1389 1415 1543 1468 elafii*

228 1499 312 1547 'cas
351 1492 622 1565 aequaliter
652 1504 910 1561 premente
940 1504 1236 1560 argumento
1266 1495 1318 1544 in
1349 1494 1544 1545 nostrae

231 1571 465 1623 methodi
504 1569 967 1635 confirmationem,
1024 1580 1074 1620 et
1115 1568 1319 1621 aliarum
1349 1570 1544 1622 nostrae

234 1646 691 1701 subordinationem
717 1649 790 1698 uti
812 1664 893 1698 me
915 1644 1050 1714 posse
1080 1643 1378 1698 luculentius
1401 1646 1544 1698 intel-

235 1723 365 1793 ligo,
404 1740 520 1776 nam
541 1722 574 1777 fi
596 1726 648 1776 in
669 1722 809 1775 claffe
829 1720 1176 1791 irregularium
1195 1722 1442 1792 regulares
1455 1765 1470 1791 ,
1493 1737 1545 1777 et

232 1804 340 1853 vice
378 1802 512 1854 versa
558 1803 610 1852 in
648 1799 788 1852 claffe
825 1799 1184 1852 tetandriarum
1222 1801 1544 1870 monandrae,

236 1877 495 1944 diandrae,
532 1876 786 1930 tetandrae
817 1889 867 1928 et
897 1888 1071 1928 contra
1102 1879 1153 1928 in
1184 1875 1324 1929 claffe
1348 1881 1544 1929 incom-

234 1955 479 2024 pletarum
514 1953 820 2023 completae,
876 1966 927 2005 et
957 1952 1322 2023 completarum
1349 1957 1545 2006 incom—

235 2032 395 2101 pletae
426 2030 797 2084 concluduntur
825 2031 1038 2100 specieS,
1076 2049 1163 2084 eae
1194 2039 1368 2083 omnes
1391 2035 1439 2083 vi
1457 2032 1544 2084 ha·-

237 2109 367 2161 bitus
388 2109 465 2161 his
486 2112 554 2161 ita
574 2106 741 2161 inferri
771 2106 1015 2174 debuere,
1055 2126 1175 2160 cum
1206 2106 1266 2160 ab
1296 2107 1389 2160 illis
1417 2126 1544 2161 non-

238 2184 323 2238 nisi
354 2198 527 2237 contra
556 2197 810 2251 naturam,
850 2196 905 2235 ut
936 2201 1064 2237 nova
1093 2187 1146 2236 in
1177 2184 1430 2237 infinitum
1457 2186 1552 2254 ge->

238 2280 353 2315 nera
385 2261 660 2330 fingantur,
706 2260 856 2315 laxari
885 2259 1103 2330 possent,
1167 2280 1292 2333 quae
1325 2280 1444 2315 cum
1474 2267 1543 2315 ita

241 2339 355 2407 sint,
393 2333 623 2391 habitum
653 2335 888 2390 omnibus
920 2336 1255 2404 systematibus
1281 2343 1543 2408 imperare,

238 2417 371 2469 hunc
391 2434 478 2486 per
498 2419 665 2468 omnia
687 2416 939 2483 systemata
960 2415 1195 2466 diffusum
1217 2429 1410 2484 patere,
1453 2435 1562 2481 nu·-

239 2497 361 2563 ptias
384 2491 600 2560 turbare,
622 2510 723 2544 non
740 2509 860 2544 vero
881 2505 1054 2545 contra
1071 2507 1098 2544 a
1119 2496 1302 2562 nuptiis
1313 2493 1544 2546 habitum

239 2574 351 2640 angi
375 2573 426 2623 in
454 2569 722 2641 propatulo
745 2569 827 2622 est.
