1670 2881
317 112 741 149 INSTITVT
837 110 1120 147 BOTAN.
1337 116 1388 169 13

53 222 113 276 lis
142 225 410 276 Botanicus
433 241 566 276 nunc
588 221 781 275 versans
808 223 855 273 in
875 238 1028 292 opere
1053 235 1103 274 et
1125 223 1297 288 praxi,
1320 220 1383 275 ab

53 299 227 353 habitu
259 318 365 353 non
387 319 482 353 una
503 303 611 352 vice
635 297 918 368 [iigillatu3‚
941 318 1034 351 nec
1058 298 1118 352 ab
1141 300 1382 367 incoepto

54 395 210 448 opere
231 376 451 430 defistere
472 376 669 444 volens,
709 377 863 430 astute
885 376 1102 449 ¹quidem
1134 388 1185 427 et
1217 380 1381 444 provi-

55 456 232 508 denter
262 453 352 507 sub
384 454 582 526 habitus
617 453 912 524 praesidium
943 456 990 508 se
1021 456 1199 524 recipit
1218 495 1233 519 ,
1305 453 1382 506 sui

54 536 206 585 etiam
235 536 509 585 immemor
533 534 704 585 sexus:
751 538 821 584 Ita
858 531 1069 585 demum
1088 549 1263 585 verum
1293 531 1382 599 est,

54 610 259 662 artificia
281 614 450 663 omnia
474 610 636 663 facem
656 612 874 663 veritatis
896 623 945 662 et
965 623 1167 666 naturae
1190 626 1292 661 non
1304 609 1382 660 su-

53 688 260 755 stinere,
301 701 349 739 et
379 688 473 740 hac
508 688 708 740 lucente
742 688 936 739 astutias
969 689 1078 741 illas
1115 688 1380 757 disparere,

53 777 105 817 et
134 764 388 818 sexualem
418 768 719 818 Botanicum
752 782 777 816 a
802 764 1110 835 philosopho
1132 766 1378 818 Botanico

52 841 312 895 confundi.
391 844 476 895 Ad
504 843 646 914 quod
677 843 938 914 hucusque
961 843 1250 912 responderi
1272 859 1379 895 non

51 923 243 990 potuit:
286 920 398 973 vide
431 922 630 991 insuper
659 919 817 990 Praef.
839 919 954 971 laud.
988 938 1098 991 pag.
1125 923 1303 974 XXXI.
1325 931 1378 972 et

49 998 327 1070 sequentes.

165 1158 227 1205 Et
247 1157 528 1206 etiamnum
549 1172 726 1207 verum
748 1153 842 1221 est,
873 1164 1036 1204 totam
1055 1150 1253 1205 habitus
1273 1154 1379 1206 vim

47 1229 235 1285 senfiffe
265 1231 638 1301 Philosophiam
670 1235 989 1296 Botanicam‚
1029 1243 1080 1282 et
1109 1249 1172 1282 ex
1196 1247 1250 1281 ea
1273 1228 1377 1283 sola

48 1308 265 1361 aliorum
286 1309 494 1362 diremta
516 1309 882 1380 dilacerataque
904 1324 1086 1376 genera
1108 1302 1377 1375 criminari}

47 1387 133 1439 sua
166 1387 320 1438 astute
361 1386 690 1439 contraxisse:
758 1385 1278 1438 convincentiffimum
1313 1385 1376 1438 ad

47 1481 318 1516 numerum
350 1465 529 1534 (169.)
561 1463 854 1532 exemplum
887 1463 969 1516 est.
1050 1459 1376 1530 „Trifolium

47 1559 125 1610 5,e‚
147 1559 192 1610 g.
227 1539 362 1593 aliud
384 1540 797 1611 monopetalum,
836 1539 972 1594 aliud
1002 1541 1373 1610 tetrapetalum,

46 1618 216 1688 „aliud
240 1620 671 1688 monospermum‚
693 1618 826 1671 aliud
847 1618 1252 1688 polyspermum3
1292 1637 1374 1673 ur*

48 1709 202 1766 „gent
223 1695 453 1750 nonnulli
483 1695 896 1769 monopetalum,
928 1707 979 1748 et
1009 1695 1374 1765 polypetalunn

46 1776 500 1844 „monospermum
541 1788 592 1828 et
637 1774 1013 1845 polyspermum
1055 1772 1146 1827 sub
1185 1774 1375 1827 eodem

44 1871 262 1921 „genere
286 1851 498 1905 militare
523 1871 626 1905 non
645 1852 810 1923 poffe3
848 1869 973 1923 ergo
1002 1865 1177 1904 contra
1200 1871 1374 1904 NATU-

44 1947 193 1998 „RAM
227 1948 409 2000 genera
453 1932 615 2001 spuria
647 1931 876 1983 condunt
899 1950 960 1999 3„
1015 1948 1194 1984 verum
1234 1934 1374 1983 enim

44 2025 192 2071 vem,
233 2007 265 2060 fi
288 2007 360 2059 illi
390 2008 654 2061 voluiffent
684 2011 911 2062 Botanici
940 2009 1026 2061 sua
1060 2005 1373 2063 confundere

42 2085 327 2153 systemata,
376 2098 427 2137 et
459 2105 667 2156 genera,
708 2101 758 2139 et
791 2085 1102 2156 regularibus
1133 2085 1372 2155 irregula-

42 2181 147 2230 res,
177 2162 480 2233 polypetalas
503 2164 865 2235 monopetalis‚
894 2163 1260 2233 monospermis
1279 2181 1372 2234 po-

42 2238 307 2310 lyspermas
329 2239 509 2294 inferre
532 2243 726 2314 stirpes,
774 2242 828 2295 id
857 2244 970 2296 sane
1000 2242 1129 2294 adeo
1160 2239 1290 2295 bene
1320 2255 1372 2295 et

42 2315 185 2371 facile
207 2317 371 2372 facere
392 2320 687 2389 potuissent,
718 2334 773 2374 ut
793 2320 1112 2390 Philosophia
1125 2317 1255 2373 „fecit
1275 2323 1371 2372 Bo-

43 2398 226 2463 tanica‚
250 2414 378 2468 quae
400 2400 694 2452 monandria
718 2398 981 2466 diandriis,
1007 2398 1231 2451 diandria
1257 2414 1371 2450 mo-

42 2473 258 2526 nandriis
285 2487 380 2527 ete.
411 2475 629 2545 intrusit,
670 2490 720 2529 et
744 2490 868 2530 tunc
895 2476 1104 2549 quidem
1123 2493 1227 2529 non
1250 2491 1373 2526 con·

41 2561 116 2603 tra
142 2563 397 2619 naturam,
431 2554 516 2606 sed
529 2554 785 2630 „peccasset
815 2568 992 2609 contra
1013 2556 1277 2682 propriign
1297 2553 1371 2618 sy-

1239 2645 1368 2697 ema,
