1670 2881
347 144 799 179 INSTITVT.
881 142 1163 176 BOTAN.
1377 141 1414 194 9

87 268 204 307 runt
234 254 586 318 cohaerenter,
608 265 665 305 ut
687 250 910 306 facerent
932 253 1072 317 juxta
1094 249 1320 304 membra
1343 254 1413 304 vi-

85 332 219 400 rilia,
263 344 313 384 et
343 330 511 384 vulvas
541 326 880 398 systematice?
931 328 1073 401 quod
1110 341 1280 380 tamen
1318 347 1412 380 nec

87 413 230 480 pueri
249 406 470 462 facerent
485 449 499 473 ‚
522 427 615 460 nec
639 409 832 476 rustici,
864 425 956 459 nec
977 404 1170 476 possent
1192 404 1415 458 botanici

86 486 194 554 alii,
233 500 290 538 ut
322 505 385 539 ex
422 486 498 538 his
531 486 826 539 deducenda
855 485 1110 558 sequentia
1149 480 1414 536 corollaria

86 563 177 619 fint
204 582 357 636 quam
392 564 764 617 evidentissima.

146 664 173 680 ²
200 665 368 716 Primo
402 662 607 735 quidem
638 662 766 715 hanc
788 660 987 715 habitus
1013 659 1319 714 methodum
1344 657 1413 712 ob

85 739 455 810 fimplicitatem
478 741 630 808 suam,
652 758 779 812 quae
803 742 853 791 in
877 738 978 792 sola
1000 737 1318 792 similitudine
1329 750 1416 790 aut

0 842 12 855 'x
87 818 483 871 dissimilitudine
516 831 923 887 comparatarum
956 820 1086 869 inter
1114 819 1162 870 se
1186 817 1416 877 idearum

84 895 352 964 fundatur,
376 914 478 948 non
500 894 595 948 effe
617 895 972 964 spernendam3
1012 908 1065 946 et

201 994 436 1048 Secundo
465 1011 492 1046 a
522 990 971 1046 fruc‘iificationum
1002 990 1223 1062 partibus
1256 989 1418 1062 fingu-

86 1070 268 1126 laribus
296 1090 385 1141 per
405 1089 583 1125 omnes
606 1069 771 1125 claffes
793 1074 944 1124 invita
965 1072 1160 1139 semper
1174 1073 1299 1123 flora
1321 1084 1418 1123 tra-

87 1148 176 1203 &is
195 1149 480 1220 desumptas
504 1148 778 1202 methodos
801 1163 1006 1202 naturae
1029 1151 1303 1201 maximam
1316 1151 1419 1199 vim

87 1225 295 1289 inferre,
317 1226 412 1280 effe
443 1230 595 1279 etiam
635 1229 783 1279 nimis
815 1225 1077 1293 limitatas,
1110 1238 1161 1277 et
1191 1223 1416 1279 fallaces:

89 1305 176 1358 has
200 1305 557 1373 distinguendis
590 1303 883 1374 generibus,
907 1302 1306 1375 definiendisque
1333 1321 1419 1355 ex-

89 1380 246 1436 affius
271 1381 529 1453 speciebus
552 1380 760 1448 meliUS‚
786 1399 938 1453 quam
963 1381 1208 1449 systemati
1230 1394 1279 1434 et
1301 1379 1419 1432 clas-

89 1456 218 1512 fibus
241 1460 501 1526 inservire,
536 1471 588 1511 et
618 1460 930 1514 inservituras
951 1456 1084 1514 forte
1112 1456 1236 1512 solas
1258 1458 1419 1528 poste-

89 1549 236 1591 titati.

644 1613 684 1684 ς.
761 1619 865 1669 vu.

205 1728 430 1780 Humani
451 1723 684 1796 profesto
705 1725 894 1799 aliquid
908 1769 922 1793 ,
956 1739 1013 1780 ut
1034 1725 1232 1792 assolet,
1257 1722 1423 1777 Philo·

90 1803 265 1874 sophia
286 1807 522 1858 Botanica
543 1803 670 1874 paffa
683 1804 781 1872 est,
819 1806 945 1858 dum
969 1804 1168 1858 claffem
1192 1803 1423 1856 definiret

92 1886 178 1935 Nr.
212 1886 326 1936 160
365 1901 643 1951 „generum
677 1881 899 1952 plurium
933 1884 1337 1936 convenientiam
1370 1883 1425 1932 in

92 1959 350 2030 „partibus
398 1958 799 2016 fru&ificationis
849 1961 1132 2014 secundum
1181 1961 1425 2046 principia

95 2051 332 2104 „natuiae
368 2051 418 2091 et
449 2041 610 2104 artis„
644 2036 778 2110 quafi
811 2038 978 2092 solum
1008 2057 1072 2090 ex
1105 2055 1350 2108 generum
1373 2039 1427 2088 in

95 2114 316 2185 partibus
337 2114 738 2169 fruetificationis
759 2119 1107 2170 convenientia
1131 2114 1296 2168 classes
1319 2114 1427 2168 fieri

94 2192 319 2263 poss‘ent,
359 2212 486 2265 quae
508 2206 678 2246 tamen
700 2212 764 2246 ex
792 2194 870 2248 his
901 2195 1096 2263 semper
1115 2191 1335 2255 fallaces,
1376 2204 1428 2243 et

98 2289 304 2325 mancae
337 2268 441 2323 fint.
488 2276 627 2324 Dum
649 2275 788 2324 enim
806 2290 918 2327 raro
940 2271 1230 2325 observatur
1252 2287 1428 2340 genus,

98 2351 150 2400 in
185 2367 290 2422 quo
321 2366 431 2418 pars
467 2348 629 2422 aliqua
659 2347 1060 2404 frucstificationis
1092 2368 1197 2402 non
1232 2347 1430 2402 aberret

99 2427 264 2493 (iuxta
293 2427 466 2478 eandem
500 2431 585 2480 Nr.
609 2430 752 2497 170.)
784 2432 872 2500 qui
901 2429 1012 2481 fieri
1042 2428 1206 2498 potest
1217 2470 1233 2494 ,
1280 2438 1338 2478 ut
1366 2441 1430 2481 ex

100 2502 414 2557 variabilibus
446 2504 685 2558 omnibus
713 2510 766 2559 in
797 2506 960 2580 aliqua
991 2520 1131 2577 parte
1160 2501 1431 2559 fruetifica-

100 2584 252 2637 tionis
284 2581 549 2653 generibus
585 2585 697 2652 (Nr.
724 2591 855 2654 170.)
887 2583 1156 2639 stabiliatur
1179 2580 1335 2636 claffis
1365 2597 1433 2632 ex

733 2664 785 2716 A
823 2679 853 2730 5
1281 2676 1432 2729 gene-
