1670 2881
247 114 307 168 16
493 126 878 164 rR1MAE
960 127 1336 180 L21Nnan

250 241 479 307 „ritatem
501 235 587 289 fibi
599 235 899 301 conciliavit,
919 234 1089 287 hocin
1106 235 1296 307 punc‘io
1318 238 1565 306 superat„

248 319 394 371 Hanc
424 313 845 384 vaniloquentiam
883 312 1071 363 horum
1102 315 1308 385 quidem
1338 318 1563 367 virorum

247 392 480 447 refutavit
511 390 705 443 dudum
737 391 782 438 T
780 391 958 438 irocinio
999 388 1320 462 Ediizburgeifi
1352 391 1564 460 graviffi-

249 489 362 525 mus
383 473 469 524 Vir
490 470 538 521 A
554 488 578 518 L
598 485 617 517 s
637 485 668 516 T
687 484 719 516 o
738 484 773 516 N
788 507 803 532 ‚
850 464 976 516 dum
1001 468 1053 516 in
1075 465 1198 518 hacc
1219 466 1366 520 verba
1388 467 1564 539 loque-

248 561 413 605 retur:
464 543 776 612 „Methodus
797 539 1074 610 plantarum
1102 543 1308 597 sexualis
1329 549 1564 597 omnium

249 634 541 697 „quotquot
573 621 684 673 sunt
706 662 720 686 ‚
774 619 842 671 est
874 622 1094 671 maxime
1122 620 1343 674 involuta
1371 640 1427 674 ac
1460 639 1562 674 non

250 699 538 773 „naturalisz
579 696 775 750 nullum
801 699 937 748 enim
966 696 1169 763 systema
1191 697 1361 765 datur,
1387 699 1563 751 ortho—

250 780 461 850 „doxon
483 774 538 828 fit
560 788 645 828 aut
667 774 1047 836 heterodoxon‚
1090 776 1141 825 in
1160 791 1263 844 quo
1284 773 1424 843 plane
1437 775 1564 828 diffi-

251 854 423 927 „milia
446 855 851 922 conjunguntur,
891 863 941 902 et
972 848 1142 903 similia
1164 853 1474 920 leparantur3
1515 866 1565 904 et

251 936 426 1004 „cujus
448 934 624 991 notitia
644 928 712 981 ob
732 925 1071 981 introductam
1085 925 1355 981 dialectum
1376 932 1564 998 graccis

251 1027 444 1082 „aeque
478 1028 536 1062 ac
568 1008 729 1061 latinis
762 1008 1015 1075 ignotam,
1050 1004 1119 1057 ob
1158 1019 1372 1058 mutata&
1403 1005 1564 1059 iolutc

250 1105 474 1157 „vocum
489 1088 854 1155 nominumque
877 1080 1139 1134 familiares
1162 1082 1294 1135 ideas
1315 1081 1564 1135 difficilius

250 1167 557 1236 „acquiritur
579 1205 610 1230 „
656 1161 765 1231 post
804 1161 855 1212 A
872 1177 898 1210 L
915 1178 936 1210 s
953 1178 984 1210 T
1003 1175 1033 1209 o
1053 1177 1088 1210 N
1105 1177 1136 1209 u
1157 1177 1197 1209 M
1239 1160 1566 1230 hydropicam

251 1246 398 1295 nimis
425 1238 700 1294 sexualium
730 1235 1039 1305 hyperbolen
1073 1240 1358 1289 extenuavit
1378 1236 1566 1306 lingua-

251 1338 366 1375 rum
388 1321 546 1385 major
568 1314 625 1383 (fi
646 1332 822 1366 verum
843 1313 1010 1364 dicere
1030 1309 1100 1364 fas
1122 1312 1216 1379 est,
1258 1326 1309 1365 et
1341 1331 1430 1366 cur
1463 1332 1566 1367 non

253 1395 542 1463 dicerem?)
601 1409 755 1464 quarn
783 1392 1048 1442 Botanicae
1086 1392 1319 1459 Magister
1353 1391 1495 1442 Ani
1508 1406 1567 1444 N-

256 1495 278 1527 s
301 1493 333 1525 o
351 1494 384 1525 N
403 1491 435 1524 u
455 1492 474 1524 s
494 1516 507 1540 ‚
534 1485 585 1524 et
605 1473 656 1522 in
675 1471 850 1538 viginti
871 1480 1087 1539 quatuor
1105 1472 1391 1537 nuptiarum
1415 1467 1567 1521 clasii-

251 1550 346 1604 bus
378 1551 498 1602 duas
529 1568 554 1601 a
581 1562 754 1600 natura
783 1562 886 1597 non
914 1541 1011 1595 fine
1045 1561 1222 1611 magna
1254 1544 1418 1597 adhuc
1441 1545 1564 1597 diffi-

253 1628 438 1682 cultate
468 1626 706 1679 vindicari
729 1664 745 1690 ,
802 1620 1014 1692 reliquas
1043 1638 1165 1674 vero
1195 1622 1337 1674 crudi
1369 1623 1566 1674 artificii

251 1705 346 1759 effe
367 1705 593 1775 reliquit,
633 1716 688 1753 ut
717 1718 806 1770 per
827 1701 997 1750 omnia
1023 1715 1155 1750 nunc
1186 1712 1376 1768 pateat,
1415 1699 1567 1751 artifi-

252 1784 382 1836 ciosa
415 1782 601 1833 haecce
632 1779 885 1846 systemata
918 1787 1090 1827 contra
1123 1790 1351 1828 naturam
1374 1776 1498 1844 effe,
1539 1794 1566 1828 a

251 1873 424 1914 natura
461 1872 631 1910 tamen
669 1855 798 1909 velle
823 1851 1034 1913 ,defendi
1055 1895 1071 1919 ,
1140 1867 1190 1906 et
1223 1854 1362 1925 quod
1392 1857 1567 1906 incon-

252 1935 489 2008 ceptibile
521 1935 614 2002 est,
664 1945 918 1997 naturam,
967 1933 1018 1982 in
1048 1948 1145 2001 qua
1178 1935 1323 1983 unice
1356 1935 1566 2000 gratiam

251 2027 523 2089 quaerunt,
546 2009 678 2084 quali
698 2028 787 2080 per
807 2005 1050 2061 fascinum
1067 2008 1200 2062 nolle
1223 2010 1374 2080 sequi.

784 2133 825 2204 ς.
903 2136 1032 2186 xm.

362 2248 533 2299 Paucis
569 2243 777 2317 quidem
807 2244 882 2296 his
917 2244 980 2295 de
1012 2241 1330 2318 excellentia,
1369 2254 1420 2294 et
1448 2239 1568 2294 faci-

251 2323 388 2378 litate
410 2321 674 2375 habitualis
707 2321 938 2374 methodi
961 2338 1076 2390 prae
1106 2320 1306 2393 reliquis
1330 2318 1567 2372 omnibus

251 2400 555 2473 praemissis,
614 2398 1020 2469 respondendum
1062 2398 1131 2450 est
1173 2398 1237 2451 ad
1276 2409 1567 2466 argumenta

250 2476 504 2533 hincinde
529 2475 799 2546 propolita:
842 2489 892 2528 et
913 2476 1029 2528 licet
1049 2477 1149 2541 jam
1165 2475 1478 2545 responderit
1499 2477 1570 2526 vi-

251 2557 434 2622 riliter,
473 2568 528 2608 ut
553 2553 678 2607 solet
703 2556 755 2607 in
783 2551 1099 2622 praesentimus
1130 2554 1319 2623 laepius
1341 2550 1568 2604 laudatae

1393 2646 1568 2698 pagina
