1670 2881
232 94 301 159 36-
473 106 1314 142 PRIMAELINEAE

233 215 320 266 dio
342 213 769 278 confidet-andam,
810 230 933 285 quae
963 226 1128 266 tamen
1159 212 1458 268 manifestius
1481 233 1549 268 ra-

232 293 359 346 diata
395 291 473 353 fit,
525 290 726 344 exhibet
758 309 872 341 cum
908 290 1125 358 partibus
1155 291 1548 345 frufflfieationis

233 383 338 421 tum
360 369 554 434 iisdem,
575 382 683 420 tum
708 366 827 432 aliis,
853 367 1014 433 calyce
1035 367 1164 437 quasi
1185 369 1395 439 squamis
1421 368 1566 436 caly--

231 444 503 498 culantibus
523 447 563 495 h.
603 443 811 495 flosculo
836 443 1550 513 disciherniaphroditoinfun-

231 521 536 579 dibuliformi
549 523 764 592 quinque
778 519 883 571 fido
896 525 922 571 τ’.
939 520 1145 573 flosculo
1160 522 1276 572 radii
1291 520 1548 574 foemineo

229 598 485 667 ligulato‘k.
525 596 834 666 receptaculo
867 596 1003 649 nudo
1028 597 1054 648 l.
1105 601 1276 666 Figura
1301 605 1372 654 6ῐξι
1404 617 1547 651 verae

229 675 678 728 radiataessArnicae
715 684 944 724 montanae
966 676 1062 727 flos
1091 675 1322 740 habetur,
1372 690 1425 727 ut
1457 682 1547 744 7³¹¹

228 751 601 823 deliquescentis
629 749 872 802 scabiosae
906 770 1022 804 cum
1059 750 1269 803 corrolla
1302 770 1547 821 monope-

146 865 149 867 -
226 828 316 885 tala
336 828 776 901 semiquinquefida
803 848 856 880 m.
889 827 1170 881 staminibus
1194 842 1421 900 quatuor,
1445 846 1566 883 uno,

225 905 418 975 pistillo.
914 919 917 922 '

336 987 398 1035 Et
426 1001 558 1036 nunc.
586 985 733 1035 etiam
766 980 918 1049 objici
951 982 1103 1052 posset
1134 985 1185 1035 in
1216 981 1546 1054 deliquescen-

223 1063 353 1112 tium
379 1057 621 1122 sedtione,
650 1063 856 1112 nomine
883 1077 1026 1113 tenus
1055 1074 1271 1112 notatam
1293 1063 1545 1112 Morinam

222 1151 271 1189 et
289 1136 703 1188 Hebenstreitiam
728 1136 847 1203 effe,
883 1155 963 1189 eas
997 1151 1162 1189 tamen
1194 1137 1254 1188 ad
1275 1139 1540 1204 Ringentes

222 1213 424 1278 relataS,
460 1228 568 1264 tum
602 1212 683 1264 hic
721 1216 1020 1280 Lagoeciam
1056 1213 1357 1282 inscriptam,
1396 1229 1566 1283 quam‘

220 1304 385 1343 tamen
409 1288 684 1341 umbellatis
712 1288 934 1358 stirpibus
961 1287 1176 1341 inferunt
1207 1289 1310 1354 alii,
1341 1292 1447 1340 imo
1472 1304 1543 1342 et-

220 1370 320 1419 iarn
351 1365 531 1419 illatam
572 1365 708 1418 dabit
742 1365 1027 1418 clariffimus
1069 1370 1145 1418 PR
1161 1387 1190 1419 A
1210 1387 1236 1418 E
1252 1387 1278 1418 c
1294 1387 1319 1417 E
1336 1386 1361 1418 P
1382 1386 1412 1417 T
1430 1385 1464 1418 o
1479 1386 1541 1429 1³3
1591 1402 1594 1407 -

221 1458 268 1496 at
300 1444 423 1497 haec
454 1442 602 1495 dubia
633 1444 727 1509 jam
761 1443 950 1495 dudum
988 1442 1568 1497 attendentibusdiluta·

217 1521 354 1585 sunt,
378 1539 530 1574 nemo
556 1523 690 1572 enim
718 1523 912 1589 ignorat
937 1524 986 1571 in
1007 1519 1178 1589 plantis
1201 1539 1262 1573 ex
1280 1536 1378 1572 'una
1404 1520 1541 1572 classe

216 1601 267 1650 in
305 1597 419 1651 alias
444 1595 778 1651 insensibiliter
808 1596 1170 1664 defluentibu5‚
1210 1599 1294 1650 seu
1320 1595 1568 1668 delique-·

214 1674 463 1728 fizentibus
495 1674 753 1726 affinitates
777 1673 997 1746 undique
1021 1675 1351 1736 intercedere,
1383 1688 1431 1726 et
1450 1674 1537 1727 has

216 1752 524 1804 diversorum
565 1754 614 1803 vi
648 1752 955 1819 systematum
989 1756 1040 1804 in
1074 1750 1283 1804 diversas
1318 1750 1478 1803 classes
1510 1769 1536 1804 a

214 1827 408 1882 diversis
435 1829 587 1893 trahi,
613 1828 674 1880 ab
695 1830 795 1880 hoc
808 1826 1126 1897 Compositis,
1151 1827 1305 1895 altero⁴
1323 1831 1536 1896 Ringen-

213 1907 370 1972 tibus,
409 1908 557 1958 tertio
586 1904 883 1958 Umbellatis
918 1904 1150 1968 adscribi,
1189 1890 1535 1972 idefficlariffi⁴

212 2002 355 2036 mum
373 1988 407 2036 P
421 2002 528 2035 ΒΑΕ
544 2002 571 2034 c
586 2001 645 2034 ΕΡ
663 2003 693 2034 T
709 2001 742 2034 ο
756 2002 822 2034 RE
839 2002 876 2034 M
904 1981 1108 2053 quidem
1131 1980 1376 2048 ejusmodi
1400 1981 1534 2050 plan-

212 2075 284 2112 tas
306 2063 512 2113 nomine
534 2074 678 2112 tenus
700 2059 778 2112 his
802 2062 851 2110 in
874 2057 1124 2122 clastibus,
1148 2058 1326 2130 quibus
1351 2057 1427 2110 alii
1456 2061 1531 2110 in-

209 2138 513 2206 scripserant,-
530 2136 738 2200 notasse,
763 2134 964 2187 intulisse
987 2154 1105 2187 vero
1127 2134 1531 2205 potiffimumilli‚
1561 2165 1565 2170 ‚

208 2217 258 2265 in
279 2231 429 2285 quam
459 2228 540 2264 aut
569 2228 761 2277 natura,
795 2227 877 2264 aut
908 2214 1262 2265 consentientia
1291 2213 1531 2282 plurimo·
1560 2240 1566 2246 ’

207 2304 316 2343 rum
340 2290 609 2342 celebrium
638 2287 989 2342 botanicorurn
1009 2289 1235 2358 fiaffragia
1264 2288 1540 2342 inscriben·
1561 2320 1567 2325 ·

207 2367 292 2420 das
320 2364 612 2419 dielitarent.
756 2415 758 2418 ,
1562 2406 1568 2419 -.

316 2449 411 2506 lv.
464 2446 649 2504 GRA
668 2445 899 2504 MINA
972 2448 1164 2503 classem
1225 2452 1530 2504 constituunt
1559 2453 1563 2463 '

203 2527 469 2583 naturalem
493 2525 730 2580 omnibus
759 2540 1040 2598 acceptam,
1081 2527 1198 2598 licet
1217 2527 1366 2599 paulo
1390 2528 1573 2580 aliter...

1355 2606 1524 2677 aliqui·
